
<record><leader>00000camZa22ZZZZZ7aZ4500</leader><controlfield tag='001'>000063337</controlfield><controlfield tag='003'>CZ-PrCZU</controlfield><controlfield tag='005'>20140521093323.0</controlfield><controlfield tag='008'>030124s1998----xxu||||||||||||||-||eng--</controlfield><datafield ind1=' ' ind2=' ' tag='020'><subfield code='a'>0-201-18462-1</subfield><subfield code='z'>978-0-201-18462-4</subfield></datafield><datafield ind1=' ' ind2=' ' tag='040'><subfield code='a'>ABD100</subfield><subfield code='b'>cze</subfield><subfield code='d'>ABD026</subfield></datafield><datafield ind1=' ' ind2='7' tag='072'><subfield code='a'>004</subfield><subfield code='x'>Počítačová věda. Výpočetní technika. Informační technologie</subfield><subfield code='2'>Konspekt</subfield><subfield code='9'>23</subfield></datafield><datafield ind1=' ' ind2=' ' tag='080'><subfield code='a'>004.045</subfield><subfield code='2'>MRF</subfield></datafield><datafield ind1=' ' ind2=' ' tag='080'><subfield code='a'>004.43</subfield><subfield code='2'>MRF</subfield></datafield><datafield ind1='1' ind2=' ' tag='100'><subfield code='a'>Alpert, Sherman R.</subfield><subfield code='4'>aut</subfield></datafield><datafield ind1='1' ind2='4' tag='245'><subfield code='a'>The design patterns Smalltalk companion /</subfield><subfield code='c'>Sherman R. Alpert, Kyle Brown, Bobby Woolf.</subfield></datafield><datafield ind1=' ' ind2=' ' tag='260'><subfield code='a'>Reading :</subfield><subfield code='b'>Addison-Wesley,</subfield><subfield code='c'>c1998.</subfield></datafield><datafield ind1=' ' ind2=' ' tag='300'><subfield code='a'>xiii, 444 s. :</subfield><subfield code='b'>il.</subfield></datafield><datafield ind1='0' ind2=' ' tag='490'><subfield code='a'>The software patterns series</subfield></datafield><datafield ind1=' ' ind2=' ' tag='504'><subfield code='a'>Obsahuje bibliografii a rejstřík</subfield></datafield><datafield ind1='1' ind2='4' tag='650'><subfield code='a'>objektově orientované programování</subfield><subfield code='2'>psh</subfield></datafield><datafield ind1='1' ind2='4' tag='650'><subfield code='a'>programovací jazyky</subfield><subfield code='2'>psh</subfield></datafield><datafield ind1=' ' ind2='7' tag='655'><subfield code='a'>monografie</subfield><subfield code='7'>fd132842</subfield><subfield code='2'>czenas</subfield></datafield><datafield ind1='1' ind2=' ' tag='700'><subfield code='a'>Brown, Kyle</subfield><subfield code='4'>aut</subfield></datafield><datafield ind1='1' ind2=' ' tag='700'><subfield code='a'>Woolf, Bobby</subfield><subfield code='7'>xx0038488</subfield><subfield code='4'>aut</subfield></datafield><datafield ind1=' ' ind2=' ' tag='CAT'><subfield code='a'>BATELKOVA</subfield><subfield code='b'>20</subfield><subfield code='c'>20131104</subfield><subfield code='l'>CZU01</subfield><subfield code='h'>0841</subfield></datafield><datafield ind1=' ' ind2=' ' tag='CAT'><subfield code='a'>KULHAVA</subfield><subfield code='b'>20</subfield><subfield code='c'>20140521</subfield><subfield code='l'>CZU01</subfield><subfield code='h'>0933</subfield></datafield><datafield ind1=' ' ind2=' ' tag='910'><subfield code='a'>ABD026</subfield></datafield><datafield ind1=' ' ind2=' ' tag='900'><subfield code='a'>ABD100</subfield><subfield code='b'>14</subfield></datafield><datafield ind1=' ' ind2=' ' tag='998'><subfield code='a'>005747487</subfield></datafield><datafield ind1=' ' ind2=' ' tag='SID'><subfield code='a'>Z39</subfield><subfield code='b'>SKC-Z-SN</subfield></datafield><datafield ind1='0' ind2=' ' tag='090'><subfield code='b'>1</subfield></datafield></record>