
<record><leader>00000camZa22ZZZZZ7aZ4500</leader><controlfield tag='001'>000063285</controlfield><controlfield tag='003'>CZ-PrCZU</controlfield><controlfield tag='005'>20131021142225.0</controlfield><controlfield tag='007'>ta</controlfield><controlfield tag='008'>111025s2011----gw-a---f------101-0-eng-d</controlfield><datafield ind1=' ' ind2=' ' tag='020'><subfield code='a'>978-3-642-22284-9 (váz.)</subfield></datafield><datafield ind1=' ' ind2=' ' tag='040'><subfield code='a'>UKMGB</subfield><subfield code='b'>cze</subfield><subfield code='c'>UKMGB</subfield><subfield code='d'>ABA001</subfield><subfield code='d'>ABD026</subfield></datafield><datafield ind1=' ' ind2='7' tag='072'><subfield code='a'>004</subfield><subfield code='x'>Počítačová věda. Výpočetní technika. Informační technologie</subfield><subfield code='2'>Konspekt</subfield><subfield code='9'>23</subfield></datafield><datafield ind1=' ' ind2=' ' tag='080'><subfield code='a'>[007+004]:502/504</subfield><subfield code='2'>MRF</subfield></datafield><datafield ind1=' ' ind2=' ' tag='080'><subfield code='a'>(062.534)</subfield><subfield code='2'>MRF</subfield></datafield><datafield ind1='2' ind2=' ' tag='111'><subfield code='a'>International Symposium on Environmental Software Systems</subfield><subfield code='d'>(2011 :</subfield><subfield code='c'>Brno, Česko)</subfield><subfield code='7'>kn20120326004</subfield></datafield><datafield ind1='1' ind2='0' tag='245'><subfield code='a'>Environmental Software Systems :</subfield><subfield code='b'>frameworks of eEnvironment : 9th IFIP WG 5.11 international symposium, ISESS 2011, Brno, Czech Republic, June 27-29, 2011 : proceedings /</subfield><subfield code='c'>Jiří Hřebíček, Gerald Schimak, Ralf Denzer (eds.)</subfield></datafield><datafield ind1=' ' ind2=' ' tag='260'><subfield code='a'>Heidelberg :</subfield><subfield code='b'>Springer,</subfield><subfield code='c'>c2011</subfield></datafield><datafield ind1=' ' ind2=' ' tag='300'><subfield code='a'>xxiii, 677 s. :</subfield><subfield code='b'>il. ;</subfield><subfield code='c'>25 cm</subfield></datafield><datafield ind1='1' ind2=' ' tag='490'><subfield code='a'>IFIP advances in information and communication technology,</subfield><subfield code='x'>1868-4238 ;</subfield><subfield code='v'>359</subfield></datafield><datafield ind1=' ' ind2=' ' tag='504'><subfield code='a'>Obsahuje bibliografie, bibliografické odkazy a rejstřík</subfield></datafield><datafield ind1='0' ind2='7' tag='650'><subfield code='a'>environmentální informační systémy</subfield><subfield code='7'>ph664421</subfield><subfield code='2'>czenas</subfield></datafield><datafield ind1=' ' ind2='7' tag='655'><subfield code='a'>sborníky konferencí</subfield><subfield code='7'>fd133333</subfield><subfield code='2'>czenas</subfield></datafield><datafield ind1='1' ind2=' ' tag='700'><subfield code='a'>Hřebíček, Jiří,</subfield><subfield code='d'>1947-</subfield><subfield code='7'>jn20000620120</subfield><subfield code='4'>edt</subfield></datafield><datafield ind1='1' ind2=' ' tag='700'><subfield code='a'>Schimak, Gerald</subfield><subfield code='7'>jx20111216038</subfield><subfield code='4'>edt</subfield></datafield><datafield ind1='1' ind2=' ' tag='700'><subfield code='a'>Denzer, Ralf</subfield><subfield code='7'>jx20111216016</subfield><subfield code='4'>edt</subfield></datafield><datafield ind1='2' ind2=' ' tag='710'><subfield code='a'>International Federation for Information Processing</subfield><subfield code='7'>kn20031215002</subfield></datafield><datafield ind1=' ' ind2='0' tag='830'><subfield code='a'>IFIP advances in information and communication technology</subfield></datafield><datafield ind1=' ' ind2=' ' tag='CAT'><subfield code='a'>BATELKOVA</subfield><subfield code='b'>20</subfield><subfield code='c'>20131021</subfield><subfield code='l'>CZU01</subfield><subfield code='h'>1422</subfield></datafield><datafield ind1=' ' ind2=' ' tag='910'><subfield code='a'>ABD026</subfield></datafield><datafield ind1=' ' ind2=' ' tag='998'><subfield code='a'>002238349</subfield></datafield><datafield ind1=' ' ind2=' ' tag='SID'><subfield code='a'>Z39</subfield><subfield code='b'>NKC-Z</subfield></datafield><datafield ind1='0' ind2=' ' tag='090'><subfield code='b'>1</subfield></datafield></record>