
<record><leader>00000namZa22ZZZZZ7aZ4500</leader><controlfield tag='001'>000063206</controlfield><controlfield tag='003'>CZ-PrCZU</controlfield><controlfield tag='005'>20131004135044.0</controlfield><controlfield tag='007'>ta</controlfield><controlfield tag='008'>121017s2010----xxka---e-p----001-0-eng--</controlfield><datafield ind1=' ' ind2=' ' tag='020'><subfield code='a'>978-0-521-51900-7 (váz.)</subfield></datafield><datafield ind1=' ' ind2=' ' tag='040'><subfield code='a'>BOA001</subfield><subfield code='b'>cze</subfield><subfield code='d'>ABD026</subfield></datafield><datafield ind1=' ' ind2='7' tag='072'><subfield code='a'>004.8</subfield><subfield code='x'>Umělá inteligence</subfield><subfield code='2'>Konspekt</subfield><subfield code='9'>23</subfield></datafield><datafield ind1=' ' ind2='7' tag='072'><subfield code='a'>37.016</subfield><subfield code='x'>Učební osnovy. Vyučovací předměty. Učebnice</subfield><subfield code='2'>Konspekt</subfield><subfield code='9'>22</subfield></datafield><datafield ind1=' ' ind2=' ' tag='080'><subfield code='a'>004.8</subfield><subfield code='2'>MRF</subfield></datafield><datafield ind1=' ' ind2=' ' tag='080'><subfield code='a'>(075.8)</subfield><subfield code='2'>MRF</subfield></datafield><datafield ind1='1' ind2=' ' tag='100'><subfield code='a'>Poole, David L.</subfield><subfield code='q'>(David Lynton),</subfield><subfield code='d'>1958-</subfield><subfield code='7'>mzk2012728492</subfield><subfield code='4'>aut</subfield></datafield><datafield ind1='1' ind2='0' tag='245'><subfield code='a'>Artificial intelligence :</subfield><subfield code='b'>foundations of computational agents /</subfield><subfield code='c'>David L. Poole, Alan K. Mackworth</subfield></datafield><datafield ind1=' ' ind2=' ' tag='250'><subfield code='a'>1st pub.</subfield></datafield><datafield ind1=' ' ind2=' ' tag='260'><subfield code='a'>Cambridge :</subfield><subfield code='b'>Cambridge University Press,</subfield><subfield code='c'>2010</subfield></datafield><datafield ind1=' ' ind2=' ' tag='300'><subfield code='a'>xvii, 662 s. :</subfield><subfield code='b'>il. ;</subfield><subfield code='c'>26 cm</subfield></datafield><datafield ind1=' ' ind2=' ' tag='504'><subfield code='a'>Obsahuje bibliografii a rejstřík</subfield></datafield><datafield ind1='0' ind2='7' tag='650'><subfield code='a'>umělá inteligence</subfield><subfield code='7'>ph116536</subfield><subfield code='2'>czenas</subfield></datafield><datafield ind1=' ' ind2='7' tag='655'><subfield code='a'>učebnice vysokých škol</subfield><subfield code='7'>fd133772</subfield><subfield code='2'>czenas</subfield></datafield><datafield ind1='1' ind2=' ' tag='700'><subfield code='a'>Mackworth, Alan K.,</subfield><subfield code='d'>1945-</subfield><subfield code='7'>mzk2012728494</subfield><subfield code='4'>aut</subfield></datafield><datafield ind1=' ' ind2=' ' tag='CAT'><subfield code='a'>BATELKOVA</subfield><subfield code='b'>20</subfield><subfield code='c'>20131004</subfield><subfield code='l'>CZU01</subfield><subfield code='h'>1350</subfield></datafield><datafield ind1=' ' ind2=' ' tag='910'><subfield code='a'>ABD026</subfield></datafield><datafield ind1=' ' ind2=' ' tag='900'><subfield code='a'>BOA001</subfield><subfield code='b'>15</subfield></datafield><datafield ind1=' ' ind2=' ' tag='998'><subfield code='a'>005520346</subfield></datafield><datafield ind1=' ' ind2=' ' tag='SID'><subfield code='a'>Z39</subfield><subfield code='b'>SKC-Z-SN</subfield></datafield><datafield ind1='0' ind2=' ' tag='090'><subfield code='b'>1</subfield></datafield></record>