
<record><leader>00000namZa22ZZZZZ7aZ4500</leader><controlfield tag='001'>000063205</controlfield><controlfield tag='003'>CZ-PrCZU</controlfield><controlfield tag='005'>20131004134254.0</controlfield><controlfield tag='007'>co-|g|||||||||</controlfield><controlfield tag='008'>101006s2012----maua-----b----001-0-eng--</controlfield><datafield ind1=' ' ind2=' ' tag='020'><subfield code='a'>9781449615529 (casebound)</subfield></datafield><datafield ind1=' ' ind2=' ' tag='020'><subfield code='a'>144961552X (casebound)</subfield></datafield><datafield ind1=' ' ind2=' ' tag='035'><subfield code='a'>(OCoLC)ocn669269787</subfield></datafield><datafield ind1=' ' ind2=' ' tag='040'><subfield code='a'>DLC</subfield><subfield code='c'>DLC</subfield><subfield code='d'>YDX</subfield><subfield code='d'>YDXCP</subfield><subfield code='d'>CDX</subfield><subfield code='d'>DLC</subfield><subfield code='d'>ABD026</subfield></datafield><datafield ind1=' ' ind2=' ' tag='042'><subfield code='a'>pcc</subfield></datafield><datafield ind1='0' ind2='0' tag='050'><subfield code='a'>QA267.3</subfield><subfield code='b'>.L56 2012</subfield></datafield><datafield ind1=' ' ind2='7' tag='072'><subfield code='a'>004.4/.6</subfield><subfield code='x'>Programování. Software</subfield><subfield code='2'>Konspekt</subfield><subfield code='9'>23</subfield></datafield><datafield ind1='1' ind2=' ' tag='100'><subfield code='a'>Linz, Peter.</subfield></datafield><datafield ind1='1' ind2='3' tag='245'><subfield code='a'>An introduction to formal languages and automata /</subfield><subfield code='c'>Peter Linz.</subfield></datafield><datafield ind1=' ' ind2=' ' tag='250'><subfield code='a'>5th ed.</subfield></datafield><datafield ind1=' ' ind2=' ' tag='260'><subfield code='a'>Sudbury, MA :</subfield><subfield code='b'>Jones &amp; Bartlett Learning,</subfield><subfield code='c'>c2012.</subfield></datafield><datafield ind1=' ' ind2=' ' tag='300'><subfield code='a'>xiii, 437 s :</subfield><subfield code='b'>il. ;</subfield><subfield code='c'>25 cm. +</subfield><subfield code='e'>1 CD-ROM (4 3/4 in.)</subfield></datafield><datafield ind1=' ' ind2=' ' tag='504'><subfield code='a'>Obsahuje bibliografii a rejstřík</subfield></datafield><datafield ind1='0' ind2='7' tag='650'><subfield code='a'>programovací jazyky</subfield><subfield code='7'>ph115890</subfield><subfield code='2'>czenas</subfield></datafield><datafield ind1='0' ind2='7' tag='650'><subfield code='a'>počítačová věda</subfield><subfield code='7'>ph124511</subfield><subfield code='2'>czenas</subfield></datafield><datafield ind1=' ' ind2='7' tag='655'><subfield code='a'>monografie</subfield><subfield code='7'>fd132842</subfield><subfield code='2'>czenas</subfield></datafield><datafield ind1=' ' ind2='0' tag='650'><subfield code='a'>Formal languages.</subfield></datafield><datafield ind1=' ' ind2='0' tag='650'><subfield code='a'>Machine theory.</subfield></datafield><datafield ind1=' ' ind2=' ' tag='CAT'><subfield code='a'>BATELKOVA</subfield><subfield code='b'>20</subfield><subfield code='c'>20131004</subfield><subfield code='l'>CZU01</subfield><subfield code='h'>1342</subfield></datafield><datafield ind1=' ' ind2=' ' tag='910'><subfield code='a'>ABD026</subfield></datafield><datafield ind1=' ' ind2=' ' tag='906'><subfield code='a'>7</subfield><subfield code='b'>cbc</subfield><subfield code='c'>orignew</subfield><subfield code='d'>1</subfield><subfield code='e'>ecip</subfield><subfield code='f'>20</subfield><subfield code='g'>y-gencatlg</subfield></datafield><datafield ind1='0' ind2=' ' tag='925'><subfield code='a'>acquire</subfield><subfield code='b'>1 shelf copy</subfield><subfield code='x'>policy default</subfield></datafield><datafield ind1=' ' ind2=' ' tag='955'><subfield code='b'>xh00 2010-10-06</subfield><subfield code='i'>xh07 2010-10-06 to Dewey</subfield><subfield code='w'>rd11 2010-10-07</subfield><subfield code='a'>xd07 2011-06-13 1 copy rec&apos;d., to CIP ver.</subfield><subfield code='f'>xh58 2011-06-17 Z-CipVer</subfield></datafield><datafield ind1=' ' ind2=' ' tag='SID'><subfield code='a'>Z39</subfield><subfield code='b'>JIB-Z-SN</subfield></datafield><datafield ind1='0' ind2=' ' tag='090'><subfield code='b'>1</subfield></datafield></record>