
<record><leader>00000camZa22ZZZZZ7aZ4500</leader><controlfield tag='001'>000063204</controlfield><controlfield tag='003'>CZ-PrCZU</controlfield><controlfield tag='005'>20131004133221.0</controlfield><controlfield tag='008'>070518s2007----xxka|||f||||||001|0|eng|d</controlfield><datafield ind1=' ' ind2=' ' tag='020'><subfield code='z'>0470035617</subfield></datafield><datafield ind1=' ' ind2=' ' tag='020'><subfield code='a'>978-0-470-03561-0 (váz.)</subfield></datafield><datafield ind1=' ' ind2=' ' tag='040'><subfield code='a'>DLC</subfield><subfield code='b'>cze</subfield><subfield code='d'>ABB076</subfield><subfield code='d'>CBD007</subfield><subfield code='d'>ABD026</subfield></datafield><datafield ind1=' ' ind2='7' tag='072'><subfield code='a'>004.8</subfield><subfield code='x'>Umělá inteligence</subfield><subfield code='2'>Konspekt</subfield><subfield code='9'>23</subfield></datafield><datafield ind1=' ' ind2=' ' tag='080'><subfield code='a'>004.8</subfield><subfield code='2'>MRF</subfield></datafield><datafield ind1=' ' ind2=' ' tag='080'><subfield code='a'>004.032.26</subfield><subfield code='2'>MRF</subfield></datafield><datafield ind1=' ' ind2=' ' tag='080'><subfield code='a'>004.42</subfield><subfield code='2'>MRF</subfield></datafield><datafield ind1=' ' ind2=' ' tag='080'><subfield code='a'>(048.8)</subfield><subfield code='2'>MRF</subfield></datafield><datafield ind1='1' ind2=' ' tag='100'><subfield code='a'>Engelbrecht, Andries P.</subfield><subfield code='7'>jcu2010586118</subfield><subfield code='4'>aut</subfield></datafield><datafield ind1='1' ind2='0' tag='245'><subfield code='a'>Computational intelligence :</subfield><subfield code='b'>an introduction /</subfield><subfield code='c'>Andries P. Engelbrecht</subfield></datafield><datafield ind1=' ' ind2=' ' tag='250'><subfield code='a'>2nd ed.</subfield></datafield><datafield ind1=' ' ind2=' ' tag='260'><subfield code='a'>Chichester, England ;</subfield><subfield code='a'>Hoboken, N.J. :</subfield><subfield code='b'>Wiley,</subfield><subfield code='c'>c2007</subfield></datafield><datafield ind1=' ' ind2=' ' tag='300'><subfield code='a'>xxx, 597 s. :</subfield><subfield code='b'>il. ;</subfield><subfield code='c'>25 cm</subfield></datafield><datafield ind1=' ' ind2=' ' tag='504'><subfield code='a'>Obsahuje rejstřík</subfield></datafield><datafield ind1='0' ind2='7' tag='650'><subfield code='a'>neuronové sítě (počítačová věda)</subfield><subfield code='7'>ph115443</subfield><subfield code='2'>czenas</subfield></datafield><datafield ind1='0' ind2='7' tag='650'><subfield code='a'>počítačová věda</subfield><subfield code='7'>ph124511</subfield><subfield code='2'>czenas</subfield></datafield><datafield ind1='0' ind2='7' tag='650'><subfield code='a'>programování</subfield><subfield code='7'>ph115891</subfield><subfield code='2'>czenas</subfield></datafield><datafield ind1='0' ind2='7' tag='650'><subfield code='a'>umělá inteligence</subfield><subfield code='7'>ph116536</subfield><subfield code='2'>czenas</subfield></datafield><datafield ind1='0' ind2='9' tag='650'><subfield code='a'>artificial intelligence</subfield><subfield code='2'>eczenas</subfield></datafield><datafield ind1='0' ind2='9' tag='650'><subfield code='a'>computer science</subfield><subfield code='2'>eczenas</subfield></datafield><datafield ind1='0' ind2='9' tag='650'><subfield code='a'>neural networks</subfield><subfield code='2'>eczenas</subfield></datafield><datafield ind1='0' ind2='9' tag='650'><subfield code='a'>programming</subfield><subfield code='2'>eczenas</subfield></datafield><datafield ind1=' ' ind2='7' tag='655'><subfield code='a'>monografie</subfield><subfield code='7'>fd132842</subfield><subfield code='2'>czenas</subfield></datafield><datafield ind1=' ' ind2='9' tag='655'><subfield code='a'>monography</subfield><subfield code='2'>eczenas</subfield></datafield><datafield ind1='4' ind2='2' tag='856'><subfield code='u'>http://www.loc.gov/catdir/enhancements/fy0741/2007021101-d.html</subfield><subfield code='y'>Anotace</subfield><subfield code='4'>N</subfield></datafield><datafield ind1='4' ind2='1' tag='856'><subfield code='u'>http://www.loc.gov/catdir/toc/ecip0718/2007021101.html</subfield><subfield code='y'>Obsah</subfield><subfield code='4'>N</subfield></datafield><datafield ind1=' ' ind2=' ' tag='CAT'><subfield code='a'>BATELKOVA</subfield><subfield code='b'>20</subfield><subfield code='c'>20131004</subfield><subfield code='l'>CZU01</subfield><subfield code='h'>1332</subfield></datafield><datafield ind1=' ' ind2=' ' tag='910'><subfield code='a'>ABD026</subfield></datafield><datafield ind1=' ' ind2=' ' tag='900'><subfield code='a'>CBD007</subfield><subfield code='b'>15</subfield></datafield><datafield ind1=' ' ind2=' ' tag='998'><subfield code='a'>003700928</subfield></datafield><datafield ind1=' ' ind2=' ' tag='SID'><subfield code='a'>Z39</subfield><subfield code='b'>SKC-Z-SN</subfield></datafield><datafield ind1='0' ind2=' ' tag='090'><subfield code='b'>1</subfield></datafield></record>