
<record><leader>00000namZa22ZZZZZ7aZ4500</leader><controlfield tag='001'>000061659</controlfield><controlfield tag='003'>CZ-PrCZU</controlfield><controlfield tag='005'>20120626085525.0</controlfield><controlfield tag='008'>120626s2003----xr-----f-----||||-0-cze-d</controlfield><datafield ind1=' ' ind2=' ' tag='040'><subfield code='a'>ABD026</subfield><subfield code='b'>cze</subfield></datafield><datafield ind1=' ' ind2=' ' tag='080'><subfield code='a'>(083)</subfield><subfield code='2'>MRF</subfield></datafield><datafield ind1='0' ind2='0' tag='245'><subfield code='a'>ČSN EN 60848 :</subfield><subfield code='b'>specifikační jazyk GRAFCET pro sekvenční funkční diagramy /</subfield></datafield><datafield ind1='1' ind2='1' tag='246'><subfield code='a'>Specifický jazyk GRAFCET pro sekvenční funkční diagramy</subfield></datafield><datafield ind1=' ' ind2=' ' tag='260'><subfield code='a'>Praha :</subfield><subfield code='b'>Český normalizační institut,</subfield><subfield code='c'>2003</subfield></datafield><datafield ind1=' ' ind2=' ' tag='300'><subfield code='a'>53 s.</subfield></datafield><datafield ind1=' ' ind2=' ' tag='500'><subfield code='a'>Touto normou se nahrazuje ČSN IEC 848 (01 3383) z 1991-05-06.</subfield></datafield><datafield ind1=' ' ind2='7' tag='655'><subfield code='a'>normy</subfield><subfield code='7'>fd131861</subfield><subfield code='2'>czenas</subfield></datafield><datafield ind1='1' ind2=' ' tag='710'><subfield code='a'>Český normalizační institut</subfield><subfield code='7'>kn20020916006</subfield><subfield code='4'>org</subfield></datafield><datafield ind1=' ' ind2=' ' tag='CAT'><subfield code='a'>BATELKOVA</subfield><subfield code='b'>20</subfield><subfield code='c'>20120626</subfield><subfield code='l'>CZU01</subfield><subfield code='h'>0855</subfield></datafield><datafield ind1=' ' ind2=' ' tag='910'><subfield code='a'>ABD026</subfield></datafield><datafield ind1='0' ind2=' ' tag='090'><subfield code='b'>1</subfield></datafield></record>