
<record><leader>00000camZa22ZZZZZ7aZ4500</leader><controlfield tag='001'>000061544</controlfield><controlfield tag='003'>CZ-PrCZU</controlfield><controlfield tag='005'>20120515084035.0</controlfield><controlfield tag='008'>980729s1999----maua-----b----001-0-eng--</controlfield><datafield ind1=' ' ind2=' ' tag='020'><subfield code='a'>0792382684</subfield></datafield><datafield ind1=' ' ind2=' ' tag='035'><subfield code='9'>(DLC) 98030712</subfield></datafield><datafield ind1=' ' ind2=' ' tag='040'><subfield code='a'>DLC</subfield><subfield code='c'>DLC</subfield><subfield code='d'>DLC</subfield><subfield code='d'>ABD026</subfield></datafield><datafield ind1='0' ind2='0' tag='050'><subfield code='a'>TS157.5</subfield><subfield code='b'>.P75 1999</subfield></datafield><datafield ind1=' ' ind2='7' tag='072'><subfield code='a'>005</subfield><subfield code='x'>Management. Řízení</subfield><subfield code='2'>Konspekt</subfield><subfield code='9'>4</subfield></datafield><datafield ind1=' ' ind2=' ' tag='080'><subfield code='a'>005.51</subfield><subfield code='2'>MRF</subfield></datafield><datafield ind1=' ' ind2=' ' tag='080'><subfield code='a'>519.673</subfield><subfield code='2'>MRF</subfield></datafield><datafield ind1=' ' ind2=' ' tag='080'><subfield code='a'>004.421</subfield><subfield code='2'>MRF</subfield></datafield><datafield ind1='0' ind2='0' tag='245'><subfield code='a'>Project scheduling :</subfield><subfield code='b'>recent models, algorithms, and applications /</subfield><subfield code='c'>edited by Jan Weglarz.</subfield></datafield><datafield ind1=' ' ind2=' ' tag='260'><subfield code='a'>Boston :</subfield><subfield code='b'>Kluwer,</subfield><subfield code='c'>c1999.</subfield></datafield><datafield ind1=' ' ind2=' ' tag='300'><subfield code='a'>x, 535 s. :</subfield><subfield code='b'>ill. ;</subfield><subfield code='c'>24 cm.</subfield></datafield><datafield ind1=' ' ind2='0' tag='440'><subfield code='a'>International series in operations research &amp; management science</subfield></datafield><datafield ind1=' ' ind2=' ' tag='504'><subfield code='a'>Obsahuje bibliografii a rejstřík</subfield></datafield><datafield ind1='0' ind2='7' tag='650'><subfield code='a'>plánování</subfield><subfield code='7'>ph382380</subfield><subfield code='2'>czenas</subfield></datafield><datafield ind1='0' ind2='7' tag='650'><subfield code='a'>matematické modelování</subfield><subfield code='7'>ph115240</subfield><subfield code='2'>czenas</subfield></datafield><datafield ind1='0' ind2='7' tag='650'><subfield code='a'>algoritmy (programování)</subfield><subfield code='7'>ph131788</subfield><subfield code='2'>czenas</subfield></datafield><datafield ind1=' ' ind2='0' tag='650'><subfield code='a'>Production scheduling</subfield><subfield code='x'>Mathematical models.</subfield></datafield><datafield ind1='1' ind2=' ' tag='700'><subfield code='a'>Weglarz, Jan.</subfield><subfield code='4'>edt</subfield></datafield><datafield ind1=' ' ind2=' ' tag='CAT'><subfield code='a'>BATELKOVA</subfield><subfield code='b'>20</subfield><subfield code='c'>20120515</subfield><subfield code='l'>CZU01</subfield><subfield code='h'>0840</subfield></datafield><datafield ind1=' ' ind2=' ' tag='CAT'><subfield code='a'>BATELKOVA</subfield><subfield code='b'>20</subfield><subfield code='c'>20120515</subfield><subfield code='l'>CZU01</subfield><subfield code='h'>0840</subfield></datafield><datafield ind1=' ' ind2=' ' tag='910'><subfield code='a'>ABD026</subfield></datafield><datafield ind1=' ' ind2=' ' tag='SID'><subfield code='a'>Z39</subfield><subfield code='b'>JIB-Z-SN</subfield></datafield><datafield ind1='0' ind2=' ' tag='090'><subfield code='b'>1</subfield></datafield></record>