
<record><leader>00000camZa22ZZZZZ7aZ4500</leader><controlfield tag='001'>000061543</controlfield><controlfield tag='003'>CZ-PrCZU</controlfield><controlfield tag='005'>20120515083224.0</controlfield><controlfield tag='007'>ta</controlfield><controlfield tag='008'>091005s2009----xr-a---e-f----001-0-cze--</controlfield><datafield ind1=' ' ind2=' ' tag='015'><subfield code='a'>cnb001997800</subfield></datafield><datafield ind1=' ' ind2=' ' tag='020'><subfield code='a'>978-80-251-2735-3 (váz.)</subfield></datafield><datafield ind1=' ' ind2=' ' tag='035'><subfield code='a'>(OCoLC)465288590</subfield></datafield><datafield ind1=' ' ind2=' ' tag='040'><subfield code='a'>OLA001</subfield><subfield code='b'>cze</subfield><subfield code='d'>BOA001</subfield><subfield code='d'>ABA001</subfield><subfield code='d'>ABD026</subfield></datafield><datafield ind1='1' ind2=' ' tag='041'><subfield code='a'>cze</subfield><subfield code='h'>eng</subfield></datafield><datafield ind1=' ' ind2='7' tag='072'><subfield code='a'>004.4/.6</subfield><subfield code='x'>Programování. Software</subfield><subfield code='2'>Konspekt</subfield><subfield code='9'>23</subfield></datafield><datafield ind1=' ' ind2=' ' tag='080'><subfield code='a'>004.652</subfield><subfield code='2'>MRF</subfield></datafield><datafield ind1=' ' ind2=' ' tag='080'><subfield code='a'>004.652.4</subfield><subfield code='2'>MRF</subfield></datafield><datafield ind1=' ' ind2=' ' tag='080'><subfield code='a'>004.655.3</subfield><subfield code='2'>MRF</subfield></datafield><datafield ind1=' ' ind2=' ' tag='080'><subfield code='a'>(035)</subfield><subfield code='2'>MRF</subfield></datafield><datafield ind1='1' ind2=' ' tag='100'><subfield code='a'>Pialorsi, Paolo</subfield><subfield code='7'>mzk2009539439</subfield><subfield code='4'>aut</subfield></datafield><datafield ind1='1' ind2='0' tag='245'><subfield code='a'>Microsoft LINQ :</subfield><subfield code='b'>kompletní průvodce programátora /</subfield><subfield code='c'>Paolo Pialorsi, Marco Russo ; [překlad Jiří Fadrný]</subfield></datafield><datafield ind1='3' ind2='0' tag='246'><subfield code='a'>LINQ</subfield></datafield><datafield ind1=' ' ind2=' ' tag='250'><subfield code='a'>Vyd. 1.</subfield></datafield><datafield ind1=' ' ind2=' ' tag='260'><subfield code='a'>Brno :</subfield><subfield code='b'>Computer Press,</subfield><subfield code='c'>2009</subfield></datafield><datafield ind1=' ' ind2=' ' tag='300'><subfield code='a'>615 s. :</subfield><subfield code='b'>il. ;</subfield><subfield code='c'>23 cm</subfield></datafield><datafield ind1='1' ind2=' ' tag='490'><subfield code='a'>Programování</subfield></datafield><datafield ind1=' ' ind2=' ' tag='500'><subfield code='a'>Přeloženo z angličtiny</subfield></datafield><datafield ind1=' ' ind2=' ' tag='500'><subfield code='a'>Obsahuje rejstřík</subfield></datafield><datafield ind1='0' ind2='7' tag='650'><subfield code='a'>databáze</subfield><subfield code='7'>ph114295</subfield><subfield code='2'>czenas</subfield></datafield><datafield ind1='0' ind2='7' tag='650'><subfield code='a'>dotazovací jazyky</subfield><subfield code='7'>ph119587</subfield><subfield code='2'>czenas</subfield></datafield><datafield ind1='0' ind2='7' tag='650'><subfield code='a'>Microsoft LINQ</subfield><subfield code='7'>ph548955</subfield><subfield code='2'>czenas</subfield></datafield><datafield ind1='0' ind2='9' tag='650'><subfield code='a'>databases</subfield><subfield code='2'>eczenas</subfield></datafield><datafield ind1='0' ind2='9' tag='650'><subfield code='a'>query languages</subfield><subfield code='2'>eczenas</subfield></datafield><datafield ind1='0' ind2='9' tag='650'><subfield code='a'>Microsoft LINQ</subfield><subfield code='2'>eczenas</subfield></datafield><datafield ind1=' ' ind2='7' tag='655'><subfield code='a'>příručky</subfield><subfield code='7'>fd133209</subfield><subfield code='2'>czenas</subfield></datafield><datafield ind1=' ' ind2='9' tag='655'><subfield code='a'>handbooks, manuals, etc</subfield><subfield code='2'>eczenas</subfield></datafield><datafield ind1='1' ind2=' ' tag='700'><subfield code='a'>Russo, Marco,</subfield><subfield code='d'>1967-</subfield><subfield code='7'>mzk2009539440</subfield><subfield code='4'>aut</subfield></datafield><datafield ind1='0' ind2=' ' tag='765'><subfield code='t'>Programming Microsoft LINQ</subfield><subfield code='9'>Česky</subfield></datafield><datafield ind1=' ' ind2='0' tag='830'><subfield code='a'>Programování (Computer Press)</subfield></datafield><datafield ind1='4' ind2='1' tag='856'><subfield code='u'>http://toc.nkp.cz/NKC/200910/contents/nkc20091997800_1.pdf</subfield><subfield code='y'>Obsah</subfield><subfield code='4'>N</subfield></datafield><datafield ind1=' ' ind2=' ' tag='CAT'><subfield code='a'>BATELKOVA</subfield><subfield code='b'>20</subfield><subfield code='c'>20120515</subfield><subfield code='l'>CZU01</subfield><subfield code='h'>0832</subfield></datafield><datafield ind1=' ' ind2=' ' tag='910'><subfield code='a'>ABD026</subfield></datafield><datafield ind1=' ' ind2=' ' tag='900'><subfield code='a'>ABA001</subfield><subfield code='b'>18</subfield></datafield><datafield ind1=' ' ind2=' ' tag='998'><subfield code='a'>003907630</subfield></datafield><datafield ind1=' ' ind2=' ' tag='SID'><subfield code='a'>Z39</subfield><subfield code='b'>SKC-Z-SN</subfield></datafield><datafield ind1='0' ind2=' ' tag='090'><subfield code='b'>1</subfield></datafield></record>