
<record><leader>00000camZa22ZZZZZ7aZ4500</leader><controlfield tag='001'>000061542</controlfield><controlfield tag='003'>CZ-PrCZU</controlfield><controlfield tag='005'>20120920150554.0</controlfield><controlfield tag='008'>020412s2002----xxu----|-----|------eng--</controlfield><datafield ind1=' ' ind2=' ' tag='020'><subfield code='a'>0-7923-7495-9 (váz.)</subfield></datafield><datafield ind1=' ' ind2=' ' tag='040'><subfield code='a'>OSD002</subfield><subfield code='b'>cze</subfield><subfield code='d'>ABD026</subfield></datafield><datafield ind1=' ' ind2=' ' tag='080'><subfield code='a'>330.4</subfield></datafield><datafield ind1=' ' ind2=' ' tag='080'><subfield code='a'>519.8</subfield></datafield><datafield ind1='1' ind2=' ' tag='100'><subfield code='a'>Vlach, Milan,</subfield><subfield code='d'>1936-</subfield><subfield code='4'>aut</subfield></datafield><datafield ind1='1' ind2='0' tag='245'><subfield code='a'>Generalized concavity in fuzzy optimization and decision analysis /</subfield><subfield code='c'>Jaroslav Ramík, Milan Vlach</subfield></datafield><datafield ind1=' ' ind2=' ' tag='260'><subfield code='a'>Boston :</subfield><subfield code='b'>Kluwer Academic Publishers,</subfield><subfield code='c'>c2002</subfield></datafield><datafield ind1=' ' ind2=' ' tag='300'><subfield code='a'>xiv, 296 s. :</subfield><subfield code='b'>il.</subfield></datafield><datafield ind1='1' ind2=' ' tag='490'><subfield code='a'>International series in operations research &amp; management science ;</subfield><subfield code='v'>41</subfield></datafield><datafield ind1=' ' ind2=' ' tag='500'><subfield code='a'>Bibliografie na s. [283]-291</subfield></datafield><datafield ind1='0' ind2=' ' tag='653'><subfield code='a'>Fuzzy matematika</subfield><subfield code='a'>Matematická optimalizace</subfield><subfield code='a'>Teorie rozhodování</subfield></datafield><datafield ind1='1' ind2=' ' tag='700'><subfield code='a'>Ramík, Jaroslav,</subfield><subfield code='d'>1951-</subfield><subfield code='4'>aut</subfield></datafield><datafield ind1=' ' ind2='0' tag='830'><subfield code='a'>International series in operations research &amp; management science</subfield></datafield><datafield ind1=' ' ind2=' ' tag='CAT'><subfield code='a'>BATELKOVA</subfield><subfield code='b'>20</subfield><subfield code='c'>20120515</subfield><subfield code='l'>CZU01</subfield><subfield code='h'>0828</subfield></datafield><datafield ind1=' ' ind2=' ' tag='CAT'><subfield code='a'>KULHAVA</subfield><subfield code='b'>20</subfield><subfield code='c'>20120920</subfield><subfield code='l'>CZU01</subfield><subfield code='h'>1505</subfield></datafield><datafield ind1=' ' ind2=' ' tag='910'><subfield code='a'>ABD026</subfield></datafield><datafield ind1=' ' ind2=' ' tag='SID'><subfield code='a'>Z39</subfield><subfield code='b'>SKC-Z-SN</subfield></datafield><datafield ind1='0' ind2=' ' tag='090'><subfield code='b'>1</subfield></datafield></record>