
<record><leader>00000camZa22ZZZZZ7aZ4500</leader><controlfield tag='001'>000061538</controlfield><controlfield tag='003'>CZ-PrCZU</controlfield><controlfield tag='005'>20120514141948.0</controlfield><controlfield tag='008'>100512s2010----gw-a-----b----001-0-eng-d</controlfield><datafield ind1=' ' ind2=' ' tag='020'><subfield code='a'>9783642139345 (hdbk. : acid-free paper)</subfield></datafield><datafield ind1=' ' ind2=' ' tag='020'><subfield code='a'>3642139345 (hdbk. : acid-free paper)</subfield></datafield><datafield ind1=' ' ind2=' ' tag='035'><subfield code='a'>(OCoLC)ocn646113771</subfield></datafield><datafield ind1=' ' ind2=' ' tag='040'><subfield code='a'>BTCTA</subfield><subfield code='b'>eng</subfield><subfield code='c'>BTCTA</subfield><subfield code='d'>YDXCP</subfield><subfield code='d'>OHX</subfield><subfield code='d'>TXH</subfield><subfield code='d'>VRC</subfield><subfield code='d'>DLC</subfield><subfield code='d'>ABD026</subfield><subfield code='d'>ABD026</subfield></datafield><datafield ind1=' ' ind2=' ' tag='042'><subfield code='a'>lccopycat</subfield></datafield><datafield ind1='0' ind2='0' tag='050'><subfield code='a'>QA402.5</subfield><subfield code='b'>.F892 2010</subfield></datafield><datafield ind1=' ' ind2='7' tag='072'><subfield code='a'>334</subfield><subfield code='x'>Formy organizace a spolupráce v ekonomice</subfield><subfield code='2'>Konspekt</subfield><subfield code='9'>4</subfield></datafield><datafield ind1=' ' ind2=' ' tag='080'><subfield code='a'>005.51</subfield><subfield code='2'>MRF</subfield></datafield><datafield ind1=' ' ind2=' ' tag='080'><subfield code='a'>519.816</subfield><subfield code='2'>MRF</subfield></datafield><datafield ind1='0' ind2='0' tag='245'><subfield code='a'>Fuzzy optimization :</subfield><subfield code='b'>recent advances and applications /</subfield><subfield code='c'>Weldon A. Lodwick and Janusz Kacprzyk (eds.).</subfield></datafield><datafield ind1=' ' ind2=' ' tag='260'><subfield code='a'>Berlin :</subfield><subfield code='b'>Springer,</subfield><subfield code='c'>c2010.</subfield></datafield><datafield ind1=' ' ind2=' ' tag='300'><subfield code='a'>xxi, 528 s. :</subfield><subfield code='b'>il. ;</subfield><subfield code='c'>24 cm.</subfield></datafield><datafield ind1='1' ind2=' ' tag='490'><subfield code='a'>Studies in fuzziness and soft computing,</subfield><subfield code='x'>1434-9922 ;</subfield><subfield code='v'>v. 254</subfield></datafield><datafield ind1=' ' ind2=' ' tag='504'><subfield code='a'>Obsahuje bibliografii a rejstřík</subfield></datafield><datafield ind1='0' ind2=' ' tag='505'><subfield code='a'>pt. 1. Introductory sections -- pt. 2. Basic issues -- pt. 3. Various types of fuzzy optimization and fuzzy mathematical programming models -- pt. 4. Fuzzy network and combinatorial optimization -- pt. 5. Applications.</subfield></datafield><datafield ind1='0' ind2='7' tag='650'><subfield code='a'>fúze podniků</subfield><subfield code='7'>ph134662</subfield><subfield code='2'>czenas</subfield></datafield><datafield ind1='0' ind2='7' tag='650'><subfield code='a'>plánování</subfield><subfield code='7'>ph382380</subfield><subfield code='2'>czenas</subfield></datafield><datafield ind1='0' ind2='7' tag='650'><subfield code='a'>optimální rozhodování</subfield><subfield code='7'>ph123770</subfield><subfield code='2'>czenas</subfield></datafield><datafield ind1=' ' ind2='4' tag='655'><subfield code='a'>monografie</subfield><subfield code='2'>czenas</subfield></datafield><datafield ind1=' ' ind2='0' tag='650'><subfield code='a'>Mathematical optimization.</subfield></datafield><datafield ind1=' ' ind2='0' tag='650'><subfield code='a'>Fuzzy logic.</subfield></datafield><datafield ind1=' ' ind2='0' tag='650'><subfield code='a'>Fuzzy systems.</subfield></datafield><datafield ind1=' ' ind2='0' tag='650'><subfield code='a'>Fuzzy algorithms.</subfield></datafield><datafield ind1='1' ind2=' ' tag='700'><subfield code='a'>Lodwick, Weldon A.</subfield></datafield><datafield ind1='1' ind2=' ' tag='700'><subfield code='a'>Kacprzyk, Janusz.</subfield></datafield><datafield ind1=' ' ind2='0' tag='830'><subfield code='a'>Studies in fuzziness and soft computing ;</subfield><subfield code='v'>v. 254.</subfield></datafield><datafield ind1=' ' ind2=' ' tag='CAT'><subfield code='a'>BATELKOVA</subfield><subfield code='b'>20</subfield><subfield code='c'>20120514</subfield><subfield code='l'>CZU01</subfield><subfield code='h'>1419</subfield></datafield><datafield ind1=' ' ind2=' ' tag='910'><subfield code='a'>ABD026</subfield></datafield><datafield ind1=' ' ind2=' ' tag='SID'><subfield code='a'>Z39</subfield><subfield code='b'>JIB-Z-SN</subfield></datafield><datafield ind1='0' ind2=' ' tag='090'><subfield code='b'>1</subfield></datafield></record>