
<record><leader>00000camZa22ZZZZZ7aZ4500</leader><controlfield tag='001'>000061537</controlfield><controlfield tag='003'>CZ-PrCZU</controlfield><controlfield tag='005'>20140903144755.0</controlfield><controlfield tag='008'>991117s2000----gw-a-----b----001-0-eng--</controlfield><datafield ind1=' ' ind2=' ' tag='020'><subfield code='a'>3790812498 (alk. paper)</subfield></datafield><datafield ind1=' ' ind2=' ' tag='040'><subfield code='a'>DLC</subfield><subfield code='c'>DLC</subfield><subfield code='d'>DLC</subfield><subfield code='d'>ABD026</subfield></datafield><datafield ind1=' ' ind2=' ' tag='042'><subfield code='a'>pcc</subfield></datafield><datafield ind1='0' ind2='0' tag='050'><subfield code='a'>QA76.9.S63</subfield><subfield code='b'>S34 2000</subfield></datafield><datafield ind1=' ' ind2='7' tag='072'><subfield code='a'>334</subfield><subfield code='x'>Formy organizace a spolupráce v ekonomice</subfield><subfield code='2'>Konspekt</subfield><subfield code='9'>4</subfield></datafield><datafield ind1=' ' ind2=' ' tag='080'><subfield code='a'>005.51</subfield><subfield code='2'>MRF</subfield></datafield><datafield ind1='0' ind2='0' tag='245'><subfield code='a'>Scheduling under fuzziness /</subfield><subfield code='c'>Roman Sowinski, Maciej Hapke - editors</subfield></datafield><datafield ind1=' ' ind2=' ' tag='260'><subfield code='a'>Heidelberg ;</subfield><subfield code='a'>New York :</subfield><subfield code='b'>Physica-Verlag,</subfield><subfield code='c'>c2000.</subfield></datafield><datafield ind1=' ' ind2=' ' tag='300'><subfield code='a'>xii, 308 s. :</subfield><subfield code='b'>il. ;</subfield><subfield code='c'>24 cm.</subfield></datafield><datafield ind1='1' ind2=' ' tag='490'><subfield code='a'>Studies in fuzziness and soft computing ;</subfield><subfield code='v'>37</subfield></datafield><datafield ind1=' ' ind2=' ' tag='504'><subfield code='a'>Obsahuje bibliografii a rejstřík</subfield></datafield><datafield ind1='0' ind2='7' tag='650'><subfield code='a'>fúze podniků</subfield><subfield code='7'>ph134662</subfield><subfield code='2'>czenas</subfield></datafield><datafield ind1='0' ind2='7' tag='650'><subfield code='a'>programování</subfield><subfield code='7'>ph115891</subfield><subfield code='2'>czenas</subfield></datafield><datafield ind1='0' ind2='7' tag='650'><subfield code='a'>plánování</subfield><subfield code='7'>ph382380</subfield><subfield code='2'>czenas</subfield></datafield><datafield ind1=' ' ind2='4' tag='655'><subfield code='a'>monografie</subfield><subfield code='2'>czenas</subfield></datafield><datafield ind1=' ' ind2='0' tag='650'><subfield code='a'>Soft computing.</subfield></datafield><datafield ind1=' ' ind2='0' tag='650'><subfield code='a'>Fuzzy systems.</subfield></datafield><datafield ind1=' ' ind2='0' tag='650'><subfield code='a'>Scheduling.</subfield></datafield><datafield ind1='1' ind2=' ' tag='700'><subfield code='a'>Sowinski, Roman.</subfield></datafield><datafield ind1='1' ind2=' ' tag='700'><subfield code='a'>Hapke, Maciej,</subfield><subfield code='d'>1967-</subfield></datafield><datafield ind1=' ' ind2='0' tag='830'><subfield code='a'>Studies in fuzziness and soft computing ;</subfield><subfield code='v'>vol. 37.</subfield></datafield><datafield ind1=' ' ind2=' ' tag='CAT'><subfield code='a'>BATELKOVA</subfield><subfield code='b'>20</subfield><subfield code='c'>20120514</subfield><subfield code='l'>CZU01</subfield><subfield code='h'>1353</subfield></datafield><datafield ind1=' ' ind2=' ' tag='CAT'><subfield code='a'>CEDIKOVA</subfield><subfield code='b'>20</subfield><subfield code='c'>20140903</subfield><subfield code='l'>CZU01</subfield><subfield code='h'>1447</subfield></datafield><datafield ind1=' ' ind2=' ' tag='910'><subfield code='a'>ABD026</subfield></datafield><datafield ind1=' ' ind2=' ' tag='SID'><subfield code='a'>Z39</subfield><subfield code='b'>JIB-Z-SN</subfield></datafield><datafield ind1='0' ind2=' ' tag='090'><subfield code='b'>1</subfield></datafield></record>