
<record><leader>00000camZa22ZZZZZ7aZ4500</leader><controlfield tag='001'>000061536</controlfield><controlfield tag='003'>CZ-PrCZU</controlfield><controlfield tag='005'>20120514134215.0</controlfield><controlfield tag='007'>ta</controlfield><controlfield tag='008'>080207s2008----xxu|||||||||||000|0|eng||</controlfield><datafield ind1=' ' ind2=' ' tag='020'><subfield code='a'>978-0-387-76812-0 (váz.)</subfield></datafield><datafield ind1=' ' ind2=' ' tag='040'><subfield code='a'>PAD001</subfield><subfield code='b'>cze</subfield><subfield code='d'>ABD026</subfield></datafield><datafield ind1=' ' ind2='7' tag='072'><subfield code='a'>004.8</subfield><subfield code='x'>Umělá inteligence</subfield><subfield code='2'>Konspekt</subfield><subfield code='9'>23</subfield></datafield><datafield ind1=' ' ind2=' ' tag='080'><subfield code='a'>004.8</subfield></datafield><datafield ind1=' ' ind2=' ' tag='080'><subfield code='a'>519.7/.8</subfield></datafield><datafield ind1='0' ind2='0' tag='245'><subfield code='a'>Fuzzy multi-criteria decision making :</subfield><subfield code='b'>theory and applications with recent developments /</subfield><subfield code='c'>edited by Cengiz Kahraman.</subfield></datafield><datafield ind1=' ' ind2=' ' tag='260'><subfield code='a'>New York :</subfield><subfield code='b'>Springer Science+Business Media,</subfield><subfield code='c'>c2008.</subfield></datafield><datafield ind1=' ' ind2=' ' tag='300'><subfield code='a'>xv, 591 s. :</subfield><subfield code='b'>il., tab., grafy ;</subfield><subfield code='c'>24 cm</subfield></datafield><datafield ind1='1' ind2=' ' tag='490'><subfield code='a'>Optimization and its application</subfield><subfield code='x'>1931-6828 ;</subfield><subfield code='v'>vol. 16,</subfield></datafield><datafield ind1=' ' ind2=' ' tag='504'><subfield code='a'>Obsahuje bibliografické odkazy a rejstřík</subfield></datafield><datafield ind1='1' ind2='7' tag='650'><subfield code='a'>fuzzy logika</subfield><subfield code='7'>ph120411</subfield><subfield code='2'>czenas</subfield></datafield><datafield ind1='1' ind2='7' tag='650'><subfield code='a'>rozhodování</subfield><subfield code='7'>ph125259</subfield><subfield code='2'>czenas</subfield></datafield><datafield ind1='1' ind2='4' tag='650'><subfield code='a'>multikriteriální analýza</subfield></datafield><datafield ind1='1' ind2='7' tag='650'><subfield code='a'>lineární programování</subfield><subfield code='7'>ph122356</subfield><subfield code='2'>czenas</subfield></datafield><datafield ind1='1' ind2=' ' tag='700'><subfield code='a'>Kahraman, Cengiz</subfield><subfield code='4'>edt</subfield></datafield><datafield ind1=' ' ind2='2' tag='830'><subfield code='a'>Optimization and its application</subfield></datafield><datafield ind1=' ' ind2=' ' tag='CAT'><subfield code='a'>BATELKOVA</subfield><subfield code='b'>20</subfield><subfield code='c'>20120514</subfield><subfield code='l'>CZU01</subfield><subfield code='h'>1342</subfield></datafield><datafield ind1=' ' ind2=' ' tag='910'><subfield code='a'>ABD026</subfield></datafield><datafield ind1=' ' ind2=' ' tag='900'><subfield code='a'>PAD001</subfield><subfield code='b'>11</subfield></datafield><datafield ind1=' ' ind2=' ' tag='998'><subfield code='a'>004861934</subfield></datafield><datafield ind1=' ' ind2=' ' tag='SID'><subfield code='a'>Z39</subfield><subfield code='b'>SKC-Z-SN</subfield></datafield><datafield ind1='0' ind2=' ' tag='090'><subfield code='b'>1</subfield></datafield></record>