
<record><leader>00000namZa22ZZZZZ7aZ4500</leader><controlfield tag='001'>000060856</controlfield><controlfield tag='003'>CZ-PrCZU</controlfield><controlfield tag='005'>20130207092527.0</controlfield><controlfield tag='008'>090910s2010----xxuab----b----001-0-eng--</controlfield><datafield ind1=' ' ind2=' ' tag='020'><subfield code='a'>978-1-4398-0870-2</subfield></datafield><datafield ind1=' ' ind2=' ' tag='035'><subfield code='a'>(OCoLC)647782844</subfield></datafield><datafield ind1=' ' ind2=' ' tag='040'><subfield code='a'>DLC</subfield><subfield code='b'>cze</subfield><subfield code='c'>DLC</subfield><subfield code='d'>DLC</subfield><subfield code='d'>ABD100</subfield><subfield code='d'>ABD026</subfield></datafield><datafield ind1='1' ind2=' ' tag='041'><subfield code='a'>eng</subfield></datafield><datafield ind1=' ' ind2='7' tag='072'><subfield code='a'>004.9</subfield><subfield code='x'>Speciální počítačové metody. Počítačová grafika</subfield><subfield code='2'>Konspekt</subfield><subfield code='9'>23</subfield></datafield><datafield ind1=' ' ind2=' ' tag='080'><subfield code='a'>004.9:91</subfield><subfield code='2'>MRF</subfield></datafield><datafield ind1=' ' ind2=' ' tag='080'><subfield code='a'>519.673</subfield><subfield code='2'>MRF</subfield></datafield><datafield ind1=' ' ind2=' ' tag='080'><subfield code='a'>911.9:004.42</subfield><subfield code='2'>MRF</subfield></datafield><datafield ind1=' ' ind2=' ' tag='080'><subfield code='a'>004.42:911.9</subfield><subfield code='2'>MRF</subfield></datafield><datafield ind1='1' ind2=' ' tag='100'><subfield code='a'>Brimicombe, Allan.</subfield><subfield code='4'>aut</subfield></datafield><datafield ind1='1' ind2='0' tag='245'><subfield code='a'>GIS, environmental modeling and engineering /</subfield><subfield code='c'>Allan Brimicombe.</subfield></datafield><datafield ind1=' ' ind2=' ' tag='250'><subfield code='a'>2nd ed.</subfield></datafield><datafield ind1=' ' ind2=' ' tag='260'><subfield code='a'>Boca Raton :</subfield><subfield code='b'>CRC Press/Taylor &amp; Francis,</subfield><subfield code='c'>c2010.</subfield></datafield><datafield ind1=' ' ind2=' ' tag='300'><subfield code='a'>xv, 361 s.. :</subfield><subfield code='b'>il., mapy ;</subfield><subfield code='c'>25 cm.</subfield></datafield><datafield ind1='0' ind2=' ' tag='490'><subfield code='a'>Mastering GIS</subfield></datafield><datafield ind1=' ' ind2=' ' tag='504'><subfield code='a'>Obsahuje bibliografii a rejstřík</subfield></datafield><datafield ind1='0' ind2='7' tag='650'><subfield code='a'>geografické informační systémy</subfield><subfield code='7'>ph114617</subfield><subfield code='2'>czenas</subfield></datafield><datafield ind1='0' ind2='7' tag='650'><subfield code='a'>environmentální inženýrství</subfield><subfield code='7'>ph119808</subfield><subfield code='2'>czenas</subfield></datafield><datafield ind1='0' ind2='7' tag='650'><subfield code='a'>matematické modelování</subfield><subfield code='7'>ph115240</subfield><subfield code='2'>czenas</subfield></datafield><datafield ind1=' ' ind2='4' tag='650'><subfield code='a'>geografie</subfield><subfield code='2'>psh</subfield></datafield><datafield ind1=' ' ind2='4' tag='650'><subfield code='a'>oborové informační systémy</subfield><subfield code='2'>psh</subfield></datafield><datafield ind1=' ' ind2='4' tag='650'><subfield code='a'>aplikační programy</subfield><subfield code='2'>psh</subfield></datafield><datafield ind1=' ' ind2='7' tag='655'><subfield code='a'>monografie</subfield><subfield code='7'>fd132842</subfield><subfield code='2'>czenas</subfield></datafield><datafield ind1='1' ind2=' ' tag='700'><subfield code='a'>Li, Chao,</subfield><subfield code='d'>1962 June 11-</subfield></datafield><datafield ind1='4' ind2='2' tag='856'><subfield code='u'>http://www.nkp.cz/katalogy-a-databaze/licencovane-databaze/prehled-licencovanych-zdroju/ebrary-vypujcky</subfield><subfield code='y'>Informace o výpůjčkách e-knih</subfield><subfield code='4'>N</subfield></datafield><datafield ind1='4' ind2='0' tag='856'><subfield code='u'>http://site.ebrary.com/lib/natl/Doc?id=10300969</subfield><subfield code='y'>Plný text - pro registrované uživatele NK ČR</subfield><subfield code='4'>N</subfield></datafield><datafield ind1=' ' ind2=' ' tag='CAT'><subfield code='a'>BATELKOVA</subfield><subfield code='b'>20</subfield><subfield code='c'>20111031</subfield><subfield code='l'>CZU01</subfield><subfield code='h'>1325</subfield></datafield><datafield ind1=' ' ind2=' ' tag='CAT'><subfield code='a'>BATELKOVA</subfield><subfield code='b'>20</subfield><subfield code='c'>20111031</subfield><subfield code='l'>CZU01</subfield><subfield code='h'>1325</subfield></datafield><datafield ind1=' ' ind2=' ' tag='CAT'><subfield code='a'>BATELKOVA</subfield><subfield code='b'>20</subfield><subfield code='c'>20111104</subfield><subfield code='l'>CZU01</subfield><subfield code='h'>0958</subfield></datafield><datafield ind1=' ' ind2=' ' tag='CAT'><subfield code='a'>batch</subfield><subfield code='b'>00</subfield><subfield code='c'>20120323</subfield><subfield code='l'>CZU01</subfield><subfield code='h'>1720</subfield></datafield><datafield ind1=' ' ind2=' ' tag='CAT'><subfield code='a'>KULHAVA</subfield><subfield code='b'>20</subfield><subfield code='c'>20130207</subfield><subfield code='l'>CZU01</subfield><subfield code='h'>0922</subfield></datafield><datafield ind1=' ' ind2=' ' tag='CAT'><subfield code='a'>KULHAVA</subfield><subfield code='b'>20</subfield><subfield code='c'>20130207</subfield><subfield code='l'>CZU01</subfield><subfield code='h'>0923</subfield></datafield><datafield ind1=' ' ind2=' ' tag='CAT'><subfield code='a'>KULHAVA</subfield><subfield code='b'>20</subfield><subfield code='c'>20130207</subfield><subfield code='l'>CZU01</subfield><subfield code='h'>0925</subfield></datafield><datafield ind1=' ' ind2=' ' tag='910'><subfield code='a'>ABD026</subfield></datafield><datafield ind1=' ' ind2=' ' tag='SID'><subfield code='a'>Z39</subfield><subfield code='b'>JIB-Z</subfield></datafield><datafield ind1=' ' ind2=' ' tag='SID'><subfield code='a'>Z39</subfield><subfield code='b'>SKC-Z</subfield></datafield><datafield ind1='0' ind2=' ' tag='090'><subfield code='b'>1</subfield></datafield></record>