
<record><leader>00000namZa22ZZZZZ7aZ4500</leader><controlfield tag='001'>000060624</controlfield><controlfield tag='003'>CZ-PrCZU</controlfield><controlfield tag='005'>20110811093210.0</controlfield><controlfield tag='007'>ta</controlfield><controlfield tag='008'>071019s2007----xr-a---e-f----001-0-cze--</controlfield><datafield ind1=' ' ind2=' ' tag='015'><subfield code='a'>cnb001758436</subfield></datafield><datafield ind1=' ' ind2=' ' tag='020'><subfield code='a'>978-80-251-1749-1 (váz.)</subfield></datafield><datafield ind1=' ' ind2=' ' tag='035'><subfield code='a'>(OCoLC)190753745</subfield></datafield><datafield ind1=' ' ind2=' ' tag='040'><subfield code='a'>ABA001</subfield><subfield code='b'>cze</subfield><subfield code='d'>BOA001</subfield><subfield code='d'>ABD026</subfield></datafield><datafield ind1='1' ind2=' ' tag='041'><subfield code='a'>cze</subfield><subfield code='h'>eng</subfield></datafield><datafield ind1=' ' ind2='7' tag='072'><subfield code='a'>004.4/.6</subfield><subfield code='x'>Programování. Software</subfield><subfield code='2'>Konspekt</subfield><subfield code='9'>23</subfield></datafield><datafield ind1=' ' ind2=' ' tag='080'><subfield code='a'>004.438C++</subfield><subfield code='2'>MRF</subfield></datafield><datafield ind1=' ' ind2=' ' tag='080'><subfield code='a'>004.432.045</subfield><subfield code='2'>MRF</subfield></datafield><datafield ind1=' ' ind2=' ' tag='080'><subfield code='a'>004.42.045</subfield><subfield code='2'>MRF</subfield></datafield><datafield ind1=' ' ind2=' ' tag='080'><subfield code='a'>(035)</subfield><subfield code='2'>MRF</subfield></datafield><datafield ind1='1' ind2=' ' tag='100'><subfield code='a'>Prata, Stephen,</subfield><subfield code='d'>1942-</subfield><subfield code='7'>xx0019287</subfield><subfield code='4'>aut</subfield></datafield><datafield ind1='1' ind2='0' tag='245'><subfield code='a'>Mistrovství v C++ /</subfield><subfield code='c'>Stephen Prata ; [překlad Boris Sokol ... et al.]</subfield></datafield><datafield ind1=' ' ind2=' ' tag='250'><subfield code='a'>3., aktualiz. vyd.</subfield></datafield><datafield ind1=' ' ind2=' ' tag='260'><subfield code='a'>Brno :</subfield><subfield code='b'>Computer Press,</subfield><subfield code='c'>2007</subfield></datafield><datafield ind1=' ' ind2=' ' tag='300'><subfield code='a'>1119 s. :</subfield><subfield code='b'>il. ;</subfield><subfield code='c'>24 cm</subfield></datafield><datafield ind1='1' ind2=' ' tag='490'><subfield code='a'>Bestseller</subfield></datafield><datafield ind1='1' ind2=' ' tag='490'><subfield code='a'>Mistrovství v</subfield></datafield><datafield ind1=' ' ind2=' ' tag='500'><subfield code='a'>Přeloženo z angličtiny</subfield></datafield><datafield ind1=' ' ind2=' ' tag='500'><subfield code='a'>Obsahuje rejstřík</subfield></datafield><datafield ind1='0' ind2='7' tag='650'><subfield code='a'>C++</subfield><subfield code='7'>ph116956</subfield><subfield code='2'>czenas</subfield></datafield><datafield ind1='0' ind2='7' tag='650'><subfield code='a'>objektově orientované jazyky</subfield><subfield code='7'>ph115528</subfield><subfield code='2'>czenas</subfield></datafield><datafield ind1='0' ind2='7' tag='650'><subfield code='a'>objektově orientované programování</subfield><subfield code='7'>ph115529</subfield><subfield code='2'>czenas</subfield></datafield><datafield ind1='0' ind2='9' tag='650'><subfield code='a'>C++</subfield><subfield code='2'>eczenas</subfield></datafield><datafield ind1='0' ind2='9' tag='650'><subfield code='a'>object-oriented programming languages</subfield><subfield code='2'>eczenas</subfield></datafield><datafield ind1='0' ind2='9' tag='650'><subfield code='a'>object-oriented programming</subfield><subfield code='2'>eczenas</subfield></datafield><datafield ind1=' ' ind2='7' tag='655'><subfield code='a'>příručky</subfield><subfield code='7'>fd133209</subfield><subfield code='2'>czenas</subfield></datafield><datafield ind1=' ' ind2='9' tag='655'><subfield code='a'>handbooks, manuals, etc</subfield><subfield code='2'>eczenas</subfield></datafield><datafield ind1='1' ind2=' ' tag='700'><subfield code='a'>Sokol, Boris</subfield><subfield code='7'>mzk2007417413</subfield><subfield code='4'>trl</subfield></datafield><datafield ind1='0' ind2=' ' tag='765'><subfield code='t'>C++ Primer Plus</subfield><subfield code='9'>Česky</subfield></datafield><datafield ind1=' ' ind2='0' tag='830'><subfield code='a'>Bestseller (Computer Press)</subfield></datafield><datafield ind1=' ' ind2='0' tag='830'><subfield code='a'>Mistrovství</subfield></datafield><datafield ind1='4' ind2='1' tag='856'><subfield code='u'>http://toc.nkp.cz/NKC/200710/contents/nkc20071758436_1.pdf</subfield><subfield code='y'>Obsah</subfield><subfield code='4'>N</subfield></datafield><datafield ind1=' ' ind2=' ' tag='CAT'><subfield code='a'>BATELKOVA</subfield><subfield code='b'>20</subfield><subfield code='c'>20110811</subfield><subfield code='l'>CZU01</subfield><subfield code='h'>0932</subfield></datafield><datafield ind1=' ' ind2=' ' tag='CAT'><subfield code='a'>batch</subfield><subfield code='b'>00</subfield><subfield code='c'>20120323</subfield><subfield code='l'>CZU01</subfield><subfield code='h'>1720</subfield></datafield><datafield ind1=' ' ind2=' ' tag='910'><subfield code='a'>ABD026</subfield></datafield><datafield ind1=' ' ind2=' ' tag='900'><subfield code='a'>ABA001</subfield><subfield code='b'>18</subfield></datafield><datafield ind1=' ' ind2=' ' tag='998'><subfield code='a'>003253559</subfield></datafield><datafield ind1=' ' ind2=' ' tag='SID'><subfield code='a'>Z39</subfield><subfield code='b'>SKC-Z-SN</subfield></datafield><datafield ind1='0' ind2=' ' tag='090'><subfield code='b'>1</subfield></datafield></record>