
<record><leader>00000namZa22ZZZZZ7aZ4500</leader><controlfield tag='001'>000060513</controlfield><controlfield tag='003'>CZ-PrCZU</controlfield><controlfield tag='005'>20121018121555.0</controlfield><controlfield tag='008'>090812s2010----xxua---f------001-0-eng-d</controlfield><datafield ind1=' ' ind2=' ' tag='020'><subfield code='a'>978-1-934356-45-6</subfield><subfield code='z'>1-934356-45-X</subfield></datafield><datafield ind1=' ' ind2=' ' tag='035'><subfield code='a'>(OCoLC)419869921</subfield></datafield><datafield ind1=' ' ind2=' ' tag='040'><subfield code='a'>UKM</subfield><subfield code='b'>cze</subfield><subfield code='d'>ABD026</subfield><subfield code='d'>SzZuIDS NEBIS ETH-BIB</subfield><subfield code='d'>ABA013</subfield></datafield><datafield ind1=' ' ind2='7' tag='072'><subfield code='a'>004.4/.6</subfield><subfield code='x'>Programování. Software</subfield><subfield code='2'>Konspekt</subfield><subfield code='9'>23</subfield></datafield><datafield ind1=' ' ind2=' ' tag='080'><subfield code='a'>004.4`4</subfield></datafield><datafield ind1=' ' ind2=' ' tag='080'><subfield code='a'>004.415.26</subfield></datafield><datafield ind1=' ' ind2=' ' tag='080'><subfield code='a'>004.43</subfield></datafield><datafield ind1='1' ind2=' ' tag='100'><subfield code='a'>Parr, Terence</subfield><subfield code='7'>xx0077588</subfield></datafield><datafield ind1='1' ind2='0' tag='245'><subfield code='a'>Language implementation patterns :</subfield><subfield code='b'>create your own domain-specific and general programming languages /</subfield><subfield code='c'>Terence Parr</subfield></datafield><datafield ind1=' ' ind2=' ' tag='260'><subfield code='a'>Raleigh :</subfield><subfield code='b'>Pragmatic Bookshelf,</subfield><subfield code='c'>2010</subfield></datafield><datafield ind1=' ' ind2=' ' tag='300'><subfield code='a'>xix, 374 s. :</subfield><subfield code='b'>il.</subfield></datafield><datafield ind1='1' ind2=' ' tag='490'><subfield code='a'>The pragmatic programmers</subfield></datafield><datafield ind1=' ' ind2=' ' tag='504'><subfield code='a'>Obsahuje bibliografii, bibliografické odkazy a rejstřík</subfield></datafield><datafield ind1='0' ind2='4' tag='650'><subfield code='a'>programovací jazyky</subfield><subfield code='x'>vt</subfield><subfield code='2'>psh</subfield></datafield><datafield ind1='0' ind2='4' tag='650'><subfield code='a'>vývoj</subfield><subfield code='x'>ob</subfield><subfield code='2'>psh</subfield></datafield><datafield ind1='0' ind2='4' tag='650'><subfield code='a'>softwarové inženýrství</subfield><subfield code='x'>if</subfield><subfield code='2'>psh</subfield></datafield><datafield ind1=' ' ind2='7' tag='655'><subfield code='a'>monografie</subfield><subfield code='7'>fd132842</subfield><subfield code='2'>czenas</subfield></datafield><datafield ind1=' ' ind2='0' tag='830'><subfield code='a'>Pragmatic programmers</subfield></datafield><datafield ind1=' ' ind2=' ' tag='CAT'><subfield code='a'>BATELKOVA</subfield><subfield code='b'>20</subfield><subfield code='c'>20110622</subfield><subfield code='l'>CZU01</subfield><subfield code='h'>1014</subfield></datafield><datafield ind1=' ' ind2=' ' tag='CAT'><subfield code='a'>batch</subfield><subfield code='b'>00</subfield><subfield code='c'>20120323</subfield><subfield code='l'>CZU01</subfield><subfield code='h'>1720</subfield></datafield><datafield ind1=' ' ind2=' ' tag='CAT'><subfield code='a'>KULHAVA</subfield><subfield code='b'>20</subfield><subfield code='c'>20121018</subfield><subfield code='l'>CZU01</subfield><subfield code='h'>1215</subfield></datafield><datafield ind1=' ' ind2=' ' tag='910'><subfield code='a'>ABD026</subfield></datafield><datafield ind1=' ' ind2=' ' tag='SID'><subfield code='a'>Z39</subfield><subfield code='b'>SKC-Z-SN</subfield></datafield><datafield ind1='0' ind2=' ' tag='090'><subfield code='b'>1</subfield></datafield></record>