
<record><leader>00000namZa22ZZZZZ7aZ4500</leader><controlfield tag='001'>000060510</controlfield><controlfield tag='003'>CZ-PrCZU</controlfield><controlfield tag='005'>20110622092447.0</controlfield><controlfield tag='007'>ta</controlfield><controlfield tag='008'>090916s2008----xxua---frb----001-0-eng-d</controlfield><datafield ind1=' ' ind2=' ' tag='020'><subfield code='a'>978-0-470-03666-2 (brož.)</subfield></datafield><datafield ind1=' ' ind2=' ' tag='040'><subfield code='a'>ABA006</subfield><subfield code='b'>cze</subfield><subfield code='c'>ABA006</subfield><subfield code='d'>ABA006</subfield><subfield code='d'>ABD026</subfield></datafield><datafield ind1=' ' ind2='7' tag='072'><subfield code='a'>004.4/.6</subfield><subfield code='x'>Programování. Software</subfield><subfield code='2'>Konspekt</subfield><subfield code='9'>23</subfield></datafield><datafield ind1=' ' ind2=' ' tag='080'><subfield code='a'>004.43</subfield><subfield code='2'>MRF</subfield></datafield><datafield ind1=' ' ind2=' ' tag='080'><subfield code='a'>004.4</subfield><subfield code='2'>MRF</subfield></datafield><datafield ind1=' ' ind2=' ' tag='080'><subfield code='a'>004.434:004.94</subfield><subfield code='2'>MRF</subfield></datafield><datafield ind1='1' ind2=' ' tag='100'><subfield code='a'>Kelly, Steven,</subfield><subfield code='d'>1970-</subfield><subfield code='7'>vse2009539885</subfield><subfield code='4'>aut</subfield></datafield><datafield ind1='1' ind2='0' tag='245'><subfield code='a'>Domain-specific modeling :</subfield><subfield code='b'>enabling full code generation /</subfield><subfield code='c'>Steven Kelly, Juha-Pekka Tolvanen ; [foreword by Dave Thomas]</subfield></datafield><datafield ind1=' ' ind2=' ' tag='260'><subfield code='a'>Hoboken :</subfield><subfield code='b'>John Wiley &amp; Sons,</subfield><subfield code='c'>2008</subfield></datafield><datafield ind1=' ' ind2=' ' tag='300'><subfield code='a'>xvi, 427 s. :</subfield><subfield code='b'>il.</subfield></datafield><datafield ind1='1' ind2=' ' tag='490'><subfield code='a'>A Wiley-Interscience publication</subfield></datafield><datafield ind1=' ' ind2=' ' tag='500'><subfield code='a'>Pod názvem: IEE Computer Society</subfield></datafield><datafield ind1=' ' ind2=' ' tag='504'><subfield code='a'>Obsahuje bibliografii a rejstřík</subfield></datafield><datafield ind1='0' ind2='7' tag='650'><subfield code='a'>programovací jazyky</subfield><subfield code='7'>ph115890</subfield><subfield code='2'>czenas</subfield></datafield><datafield ind1='0' ind2='7' tag='650'><subfield code='a'>software</subfield><subfield code='7'>ph125823</subfield><subfield code='2'>czenas</subfield></datafield><datafield ind1='0' ind2='7' tag='650'><subfield code='a'>modelovací jazyky</subfield><subfield code='7'>ph293205</subfield><subfield code='2'>czenas</subfield></datafield><datafield ind1='0' ind2='9' tag='650'><subfield code='a'>programming languages</subfield><subfield code='2'>eczenas</subfield></datafield><datafield ind1='0' ind2='9' tag='650'><subfield code='a'>software</subfield><subfield code='2'>eczenas</subfield></datafield><datafield ind1='0' ind2='9' tag='650'><subfield code='a'>modeling languages</subfield><subfield code='2'>eczenas</subfield></datafield><datafield ind1=' ' ind2='7' tag='655'><subfield code='a'>příručky</subfield><subfield code='7'>fd133209</subfield><subfield code='2'>czenas</subfield></datafield><datafield ind1='1' ind2=' ' tag='700'><subfield code='a'>Tolvanen, Juha-Pekka,</subfield><subfield code='d'>1967-</subfield><subfield code='7'>vse2009539886</subfield><subfield code='4'>aut</subfield></datafield><datafield ind1='1' ind2=' ' tag='700'><subfield code='a'>Thomas, David,</subfield><subfield code='d'>1956-</subfield><subfield code='7'>xx0030644</subfield><subfield code='4'>aui</subfield></datafield><datafield ind1=' ' ind2='0' tag='830'><subfield code='a'>Wiley-Interscience publication</subfield></datafield><datafield ind1=' ' ind2=' ' tag='CAT'><subfield code='a'>BATELKOVA</subfield><subfield code='b'>20</subfield><subfield code='c'>20110622</subfield><subfield code='l'>CZU01</subfield><subfield code='h'>0924</subfield></datafield><datafield ind1=' ' ind2=' ' tag='CAT'><subfield code='a'>batch</subfield><subfield code='b'>00</subfield><subfield code='c'>20120323</subfield><subfield code='l'>CZU01</subfield><subfield code='h'>1720</subfield></datafield><datafield ind1=' ' ind2=' ' tag='910'><subfield code='a'>ABD026</subfield></datafield><datafield ind1=' ' ind2=' ' tag='900'><subfield code='a'>ABA006</subfield><subfield code='b'>16</subfield></datafield><datafield ind1=' ' ind2=' ' tag='998'><subfield code='a'>004212356</subfield></datafield><datafield ind1=' ' ind2=' ' tag='SID'><subfield code='a'>Z39</subfield><subfield code='b'>SKC-Z-SN</subfield></datafield><datafield ind1='0' ind2=' ' tag='090'><subfield code='b'>1</subfield></datafield></record>