
<record><leader>00000namZa22ZZZZZ7aZ4500</leader><controlfield tag='001'>000059993</controlfield><controlfield tag='003'>CZ-PrCZU</controlfield><controlfield tag='005'>20110303102538.0</controlfield><controlfield tag='008'>110303s2007----xxuabe-f-----|0|1-0-eng-d</controlfield><datafield ind1=' ' ind2=' ' tag='020'><subfield code='a'>978-0-471-76090-0</subfield></datafield><datafield ind1=' ' ind2=' ' tag='040'><subfield code='a'>ABD026</subfield><subfield code='b'>cze</subfield></datafield><datafield ind1=' ' ind2='7' tag='072'><subfield code='a'>71</subfield><subfield code='x'>Územní plánování. Urbanismus. Památková péče</subfield><subfield code='2'>Konspekt</subfield><subfield code='9'>21</subfield></datafield><datafield ind1=' ' ind2=' ' tag='080'><subfield code='a'>71</subfield><subfield code='2'>MRF</subfield></datafield><datafield ind1=' ' ind2=' ' tag='080'><subfield code='a'>711.4</subfield><subfield code='2'>MRF</subfield></datafield><datafield ind1='1' ind2=' ' tag='100'><subfield code='a'>Steiner, Frederick R.</subfield></datafield><datafield ind1='1' ind2='0' tag='245'><subfield code='a'>Planning and urban design standards /</subfield><subfield code='c'>Frederick Steiner , Kent Butler , American Planning Association ; Emina Sendich, graphics editor.</subfield></datafield><datafield ind1=' ' ind2=' ' tag='250'><subfield code='a'>Student ed.</subfield></datafield><datafield ind1=' ' ind2=' ' tag='260'><subfield code='a'>Hoboken :</subfield><subfield code='a'>Chichester ;</subfield><subfield code='a'>John Wiley,</subfield><subfield code='c'>2007</subfield></datafield><datafield ind1=' ' ind2=' ' tag='300'><subfield code='a'>xii, 436 s. :</subfield><subfield code='b'>il. , mapy, plány ;</subfield><subfield code='c'>29 cm</subfield></datafield><datafield ind1='1' ind2=' ' tag='490'><subfield code='a'>Wiley graphic standards</subfield></datafield><datafield ind1=' ' ind2=' ' tag='504'><subfield code='a'>Obsahuje bibliografii (s. 415-429) a rejstřík</subfield></datafield><datafield ind1='0' ind2='7' tag='650'><subfield code='a'>územní plánování</subfield><subfield code='7'>ph128364</subfield><subfield code='2'>czenas</subfield></datafield><datafield ind1='0' ind2='7' tag='650'><subfield code='a'>urbanismus</subfield><subfield code='7'>ph116541</subfield><subfield code='2'>czenas</subfield></datafield><datafield ind1=' ' ind2='7' tag='655'><subfield code='a'>učebnice vysokých škol</subfield><subfield code='7'>fd133772</subfield><subfield code='2'>czenas</subfield></datafield><datafield ind1='2' ind2=' ' tag='710'><subfield code='a'>American Planning Association</subfield><subfield code='7'>kn20080225002</subfield></datafield><datafield ind1=' ' ind2='0' tag='830'><subfield code='a'>Wiley graphic standards</subfield></datafield><datafield ind1=' ' ind2=' ' tag='CAT'><subfield code='a'>NEMECKOVA</subfield><subfield code='b'>20</subfield><subfield code='c'>20110303</subfield><subfield code='l'>CZU01</subfield><subfield code='h'>1025</subfield></datafield><datafield ind1=' ' ind2=' ' tag='CAT'><subfield code='a'>batch</subfield><subfield code='b'>00</subfield><subfield code='c'>20120323</subfield><subfield code='l'>CZU01</subfield><subfield code='h'>1720</subfield></datafield><datafield ind1=' ' ind2=' ' tag='910'><subfield code='a'>ABD026</subfield></datafield><datafield ind1='0' ind2=' ' tag='090'><subfield code='b'>1</subfield></datafield></record>