
<record><leader>00000namZa22ZZZZZ7aZ4500</leader><controlfield tag='001'>000059992</controlfield><controlfield tag='003'>CZ-PrCZU</controlfield><controlfield tag='005'>20110303100146.0</controlfield><controlfield tag='008'>110303s2009----xxuae--f-----|0|1-0-eng-d</controlfield><datafield ind1=' ' ind2=' ' tag='040'><subfield code='a'>ABD026</subfield><subfield code='b'>cze</subfield></datafield><datafield ind1=' ' ind2='7' tag='072'><subfield code='a'>712</subfield><subfield code='x'>Plánování krajiny. Parky. Zahrady</subfield><subfield code='2'>Konspekt</subfield><subfield code='9'>24</subfield></datafield><datafield ind1=' ' ind2=' ' tag='080'><subfield code='a'>712</subfield><subfield code='2'>MRF</subfield></datafield><datafield ind1='1' ind2=' ' tag='100'><subfield code='a'>Storm, Steven</subfield></datafield><datafield ind1='1' ind2='0' tag='245'><subfield code='a'>Site engineering for landscape architects /</subfield><subfield code='c'>Steven Storm, Kurt Nathan, Jake Woland</subfield></datafield><datafield ind1=' ' ind2=' ' tag='250'><subfield code='a'>5th ed.</subfield></datafield><datafield ind1=' ' ind2=' ' tag='260'><subfield code='a'>Hoboken :</subfield><subfield code='b'>John Wiley &amp; Sons,</subfield><subfield code='c'>c2009</subfield></datafield><datafield ind1=' ' ind2=' ' tag='300'><subfield code='a'>x, 358 s. , [16] s. obr. příl. :</subfield><subfield code='b'>il., plány ;</subfield><subfield code='c'>24 cm</subfield></datafield><datafield ind1=' ' ind2=' ' tag='504'><subfield code='a'>Obsahuje bibliografii a rejstřík</subfield></datafield><datafield ind1='0' ind2='7' tag='650'><subfield code='a'>krajinné plánování</subfield><subfield code='7'>ph137842</subfield><subfield code='2'>czenas</subfield></datafield><datafield ind1='0' ind2='7' tag='650'><subfield code='a'>krajinářská architektura</subfield><subfield code='7'>ph137789</subfield><subfield code='2'>czenas</subfield></datafield><datafield ind1='0' ind2='7' tag='650'><subfield code='a'>krajinné inženýrství</subfield><subfield code='7'>ph121924</subfield><subfield code='2'>czenas</subfield></datafield><datafield ind1=' ' ind2='7' tag='655'><subfield code='a'>učebnice</subfield><subfield code='7'>fd133770</subfield><subfield code='2'>czenas</subfield></datafield><datafield ind1=' ' ind2='7' tag='655'><subfield code='a'>příručky</subfield><subfield code='7'>fd133209</subfield><subfield code='2'>czenas</subfield></datafield><datafield ind1='1' ind2=' ' tag='700'><subfield code='a'>Nathan, Kurt</subfield><subfield code='7'>ntk2010537654</subfield><subfield code='4'>aut</subfield></datafield><datafield ind1='1' ind2=' ' tag='700'><subfield code='a'>Woland, Jake</subfield><subfield code='7'>ntk2010537655</subfield><subfield code='4'>aut</subfield></datafield><datafield ind1=' ' ind2=' ' tag='CAT'><subfield code='a'>NEMECKOVA</subfield><subfield code='b'>20</subfield><subfield code='c'>20110303</subfield><subfield code='l'>CZU01</subfield><subfield code='h'>1001</subfield></datafield><datafield ind1=' ' ind2=' ' tag='CAT'><subfield code='a'>batch</subfield><subfield code='b'>00</subfield><subfield code='c'>20120323</subfield><subfield code='l'>CZU01</subfield><subfield code='h'>1720</subfield></datafield><datafield ind1=' ' ind2=' ' tag='910'><subfield code='a'>ABD026</subfield></datafield><datafield ind1='0' ind2=' ' tag='090'><subfield code='b'>1</subfield></datafield></record>