
<record><leader>00000namZa22ZZZZZ7aZ4500</leader><controlfield tag='001'>000059991</controlfield><controlfield tag='003'>CZ-PrCZU</controlfield><controlfield tag='005'>20110303091904.0</controlfield><controlfield tag='008'>110303s2010----xxua---f-----|0||-0-eng-d</controlfield><datafield ind1=' ' ind2=' ' tag='020'><subfield code='a'>1-450-54166-6</subfield></datafield><datafield ind1=' ' ind2=' ' tag='040'><subfield code='a'>ABD026</subfield><subfield code='b'>cze</subfield></datafield><datafield ind1=' ' ind2='7' tag='072'><subfield code='a'>005</subfield><subfield code='x'>Management. Řízení</subfield><subfield code='2'>Konspekt</subfield><subfield code='9'>4</subfield></datafield><datafield ind1=' ' ind2=' ' tag='080'><subfield code='a'>005.8</subfield><subfield code='2'>MRF</subfield></datafield><datafield ind1=' ' ind2=' ' tag='080'><subfield code='a'>004.9:62-503.55</subfield><subfield code='2'>MRF</subfield></datafield><datafield ind1='1' ind2=' ' tag='100'><subfield code='a'>Schedlbauer, Martin J.</subfield></datafield><datafield ind1='1' ind2='4' tag='245'><subfield code='a'>The art of business process modeling :</subfield><subfield code='b'>the business analyst´s guide to process : modeling with UML &amp; BPMN /</subfield><subfield code='c'>Martin Schedlbauer</subfield></datafield><datafield ind1=' ' ind2=' ' tag='260'><subfield code='a'>Sudbury :</subfield><subfield code='b'>The Cathris Group,</subfield><subfield code='c'>2010</subfield></datafield><datafield ind1=' ' ind2=' ' tag='300'><subfield code='a'>v, 106 s. :</subfield><subfield code='b'>il. ;</subfield><subfield code='c'>24 cm</subfield></datafield><datafield ind1=' ' ind2=' ' tag='504'><subfield code='a'>Obsahuje rejstřík</subfield></datafield><datafield ind1='0' ind2='7' tag='650'><subfield code='a'>projektový management</subfield><subfield code='7'>ph115894</subfield><subfield code='2'>czenas</subfield></datafield><datafield ind1='0' ind2='7' tag='650'><subfield code='a'>informační management</subfield><subfield code='7'>ph114770</subfield><subfield code='2'>czenas</subfield></datafield><datafield ind1='0' ind2='7' tag='650'><subfield code='a'>řídicí software</subfield><subfield code='7'>ph137045</subfield><subfield code='2'>czenas</subfield></datafield><datafield ind1=' ' ind2='4' tag='655'><subfield code='a'>příručka</subfield></datafield><datafield ind1=' ' ind2=' ' tag='CAT'><subfield code='a'>NEMECKOVA</subfield><subfield code='b'>20</subfield><subfield code='c'>20110303</subfield><subfield code='l'>CZU01</subfield><subfield code='h'>0919</subfield></datafield><datafield ind1=' ' ind2=' ' tag='CAT'><subfield code='a'>batch</subfield><subfield code='b'>00</subfield><subfield code='c'>20120323</subfield><subfield code='l'>CZU01</subfield><subfield code='h'>1720</subfield></datafield><datafield ind1=' ' ind2=' ' tag='910'><subfield code='a'>ABD026</subfield></datafield><datafield ind1='0' ind2=' ' tag='090'><subfield code='b'>1</subfield></datafield></record>