
<record><leader>00000namZa22ZZZZZ7aZ4500</leader><controlfield tag='001'>000059800</controlfield><controlfield tag='003'>CZ-PrCZU</controlfield><controlfield tag='005'>20110106092043.0</controlfield><controlfield tag='008'>110106s2011----xxu----f-----|0|1-0-eng-d</controlfield><datafield ind1=' ' ind2=' ' tag='020'><subfield code='a'>978-1-60960-091-4</subfield></datafield><datafield ind1=' ' ind2=' ' tag='040'><subfield code='a'>ABD026</subfield><subfield code='b'>cze</subfield></datafield><datafield ind1=' ' ind2='7' tag='072'><subfield code='a'>004</subfield><subfield code='x'>Počítačová věda. Výpočetní technika. Informační technologie</subfield><subfield code='2'>Konspekt</subfield><subfield code='9'>23</subfield></datafield><datafield ind1=' ' ind2=' ' tag='080'><subfield code='a'>004</subfield><subfield code='2'>MRF</subfield></datafield><datafield ind1=' ' ind2=' ' tag='080'><subfield code='a'>005.94</subfield><subfield code='2'>MRF</subfield></datafield><datafield ind1=' ' ind2=' ' tag='080'><subfield code='a'>005.311.6</subfield><subfield code='2'>MRF</subfield></datafield><datafield ind1='0' ind2='0' tag='245'><subfield code='a'>Technologies for supporting reasoning communities and collaborative decision making :</subfield><subfield code='b'>cooperative approaches /</subfield><subfield code='c'>John Yearwood and Andrew Stranieri, editors</subfield></datafield><datafield ind1=' ' ind2=' ' tag='260'><subfield code='a'>Hershey, PA :</subfield><subfield code='b'>Information Science Reference,</subfield><subfield code='c'>c2011</subfield></datafield><datafield ind1='0' ind2='7' tag='650'><subfield code='a'>informační technologie</subfield><subfield code='7'>ph121106</subfield><subfield code='2'>czenas</subfield></datafield><datafield ind1='0' ind2='4' tag='650'><subfield code='a'>počítačová komunikace</subfield></datafield><datafield ind1='0' ind2='7' tag='650'><subfield code='a'>znalostní management</subfield><subfield code='7'>ph136832</subfield><subfield code='2'>czenas</subfield></datafield><datafield ind1='0' ind2='7' tag='650'><subfield code='a'>podpora rozhodování</subfield><subfield code='7'>ph258177</subfield><subfield code='2'>czenas</subfield></datafield><datafield ind1=' ' ind2='7' tag='655'><subfield code='a'>monografie</subfield><subfield code='7'>fd132842</subfield><subfield code='2'>czenas</subfield></datafield><datafield ind1='1' ind2=' ' tag='700'><subfield code='a'>Yearwood, John,</subfield><subfield code='4'>edt</subfield></datafield><datafield ind1='1' ind2=' ' tag='700'><subfield code='a'>Stranieri, Andrew.</subfield><subfield code='4'>edt</subfield></datafield><datafield ind1=' ' ind2=' ' tag='CAT'><subfield code='a'>NEMECKOVA</subfield><subfield code='b'>20</subfield><subfield code='c'>20110106</subfield><subfield code='l'>CZU01</subfield><subfield code='h'>0920</subfield></datafield><datafield ind1=' ' ind2=' ' tag='CAT'><subfield code='a'>batch</subfield><subfield code='b'>00</subfield><subfield code='c'>20120323</subfield><subfield code='l'>CZU01</subfield><subfield code='h'>1720</subfield></datafield><datafield ind1=' ' ind2=' ' tag='910'><subfield code='a'>ABD026</subfield></datafield><datafield ind1='0' ind2=' ' tag='090'><subfield code='b'>1</subfield></datafield></record>