
<record><leader>00000namZa22ZZZZZ7aZ4500</leader><controlfield tag='001'>000059799</controlfield><controlfield tag='003'>CZ-PrCZU</controlfield><controlfield tag='005'>20110106090108.0</controlfield><controlfield tag='007'>ta</controlfield><controlfield tag='008'>090312s2009----xr-a---e-f----001-0-cze--</controlfield><datafield ind1=' ' ind2=' ' tag='015'><subfield code='a'>cnb001861229</subfield></datafield><datafield ind1=' ' ind2=' ' tag='020'><subfield code='a'>978-80-7300-218-3 (váz.)</subfield><subfield code='z'>9788073002183</subfield></datafield><datafield ind1=' ' ind2=' ' tag='035'><subfield code='a'>(OCoLC)320227931</subfield></datafield><datafield ind1=' ' ind2=' ' tag='040'><subfield code='a'>BOA001</subfield><subfield code='d'>ABD026</subfield><subfield code='b'>cze</subfield></datafield><datafield ind1=' ' ind2='7' tag='072'><subfield code='a'>004.8</subfield><subfield code='x'>Umělá inteligence</subfield><subfield code='2'>Konspekt</subfield><subfield code='9'>23</subfield></datafield><datafield ind1=' ' ind2=' ' tag='080'><subfield code='a'>004.8:510.5</subfield><subfield code='2'>MRF</subfield></datafield><datafield ind1=' ' ind2=' ' tag='080'><subfield code='a'>(035)</subfield><subfield code='2'>MRF</subfield></datafield><datafield ind1='0' ind2='0' tag='245'><subfield code='a'>Evoluční výpočetní techniky :</subfield><subfield code='b'>principy a aplikace /</subfield><subfield code='c'>Ivan Zelinka ... [et al.]</subfield></datafield><datafield ind1=' ' ind2=' ' tag='250'><subfield code='a'>1. vyd.</subfield></datafield><datafield ind1=' ' ind2=' ' tag='260'><subfield code='a'>Praha :</subfield><subfield code='b'>BEN - technická literatura,</subfield><subfield code='c'>2009</subfield></datafield><datafield ind1=' ' ind2=' ' tag='300'><subfield code='a'>534 s. :</subfield><subfield code='b'>il. (některé barev.) ;</subfield><subfield code='c'>24 cm</subfield></datafield><datafield ind1=' ' ind2=' ' tag='504'><subfield code='a'>Obsahuje bibliografii a rejstřík</subfield></datafield><datafield ind1='0' ind2='7' tag='650'><subfield code='a'>evoluční algoritmy</subfield><subfield code='7'>ph171358</subfield><subfield code='2'>czenas</subfield></datafield><datafield ind1='0' ind2='9' tag='650'><subfield code='a'>evolution algorithms</subfield><subfield code='2'>eczenas</subfield></datafield><datafield ind1=' ' ind2='7' tag='655'><subfield code='a'>příručky</subfield><subfield code='7'>fd133209</subfield><subfield code='2'>czenas</subfield></datafield><datafield ind1=' ' ind2='9' tag='655'><subfield code='a'>handbooks, manuals, etc</subfield><subfield code='2'>eczenas</subfield></datafield><datafield ind1='1' ind2=' ' tag='700'><subfield code='a'>Zelinka, Ivan,</subfield><subfield code='d'>1965-</subfield><subfield code='7'>xx0004467</subfield><subfield code='4'>aut</subfield></datafield><datafield ind1='4' ind2='1' tag='856'><subfield code='y'>Obsah</subfield><subfield code='u'>http://toc.nkp.cz/NKC/200904/contents/nkc20091861229_1.pdf</subfield></datafield><datafield ind1=' ' ind2=' ' tag='CAT'><subfield code='a'>NEMECKOVA</subfield><subfield code='b'>20</subfield><subfield code='c'>20110106</subfield><subfield code='l'>CZU01</subfield><subfield code='h'>0901</subfield></datafield><datafield ind1=' ' ind2=' ' tag='CAT'><subfield code='a'>batch</subfield><subfield code='b'>00</subfield><subfield code='c'>20120323</subfield><subfield code='l'>CZU01</subfield><subfield code='h'>1720</subfield></datafield><datafield ind1=' ' ind2=' ' tag='910'><subfield code='a'>ABD026</subfield></datafield><datafield ind1='1' ind2=' ' tag='928'><subfield code='a'>BEN - technická literatura</subfield></datafield><datafield ind1=' ' ind2=' ' tag='998'><subfield code='a'>001861229</subfield></datafield><datafield ind1=' ' ind2=' ' tag='SID'><subfield code='a'>Z39</subfield><subfield code='b'>NKC-Z</subfield></datafield><datafield ind1='0' ind2=' ' tag='090'><subfield code='b'>1</subfield></datafield></record>