
<record><leader>00000namZa22ZZZZZ7aZ4500</leader><controlfield tag='001'>000059450</controlfield><controlfield tag='003'>CZ-PrCZU</controlfield><controlfield tag='005'>20140905135558.0</controlfield><controlfield tag='008'>060509s2006----xxua----------001-0-eng--</controlfield><datafield ind1=' ' ind2=' ' tag='020'><subfield code='a'>978-0-07-146120-7</subfield></datafield><datafield ind1=' ' ind2=' ' tag='020'><subfield code='a'>0-07-146120-5</subfield></datafield><datafield ind1=' ' ind2=' ' tag='040'><subfield code='a'>StDuBDS</subfield><subfield code='b'>eng</subfield><subfield code='c'>StDuBDS</subfield><subfield code='d'>Uk</subfield><subfield code='d'>ABD026</subfield></datafield><datafield ind1=' ' ind2='7' tag='072'><subfield code='a'>712</subfield><subfield code='x'>Plánování krajiny. Parky. Zahrady</subfield><subfield code='2'>Konspekt</subfield><subfield code='9'>24</subfield></datafield><datafield ind1=' ' ind2=' ' tag='080'><subfield code='a'>712</subfield><subfield code='2'>MRF</subfield></datafield><datafield ind1='1' ind2=' ' tag='100'><subfield code='a'>Simonds, John Ormsbee,</subfield><subfield code='d'>1913-2005</subfield><subfield code='7'>ntk2013799288</subfield><subfield code='4'>aut</subfield></datafield><datafield ind1='1' ind2='0' tag='245'><subfield code='a'>Landscape architecture :</subfield><subfield code='b'>a manual of environmental planning and design /</subfield><subfield code='c'>John Ormsbee Simonds, Barry W. Starke</subfield></datafield><datafield ind1=' ' ind2=' ' tag='250'><subfield code='a'>4th ed.</subfield></datafield><datafield ind1=' ' ind2=' ' tag='260'><subfield code='a'>New York ;</subfield><subfield code='a'>London :</subfield><subfield code='b'>McGraw-Hill,</subfield><subfield code='c'>c2006</subfield></datafield><datafield ind1=' ' ind2=' ' tag='300'><subfield code='a'>xvi, 396 s. :</subfield><subfield code='b'>il. ;</subfield><subfield code='c'>29 cm</subfield></datafield><datafield ind1=' ' ind2=' ' tag='504'><subfield code='a'>Obsahuje bibliografii a rejstřík</subfield></datafield><datafield ind1=' ' ind2=' ' tag='500'><subfield code='a'>Dřívější vydání: 1998</subfield></datafield><datafield ind1=' ' ind2=' ' tag='504'><subfield code='a'>Obsahuje bibliografické odkazy na s. 387-388 a rejstřík</subfield></datafield><datafield ind1='0' ind2='7' tag='650'><subfield code='a'>krajinářská architektura</subfield><subfield code='7'>ph137789</subfield><subfield code='2'>czenas</subfield></datafield><datafield ind1='0' ind2='7' tag='650'><subfield code='a'>životní prostředí</subfield><subfield code='7'>ph135446</subfield><subfield code='2'>czenas</subfield></datafield><datafield ind1=' ' ind2='7' tag='655'><subfield code='a'>monografie</subfield><subfield code='7'>fd132842</subfield><subfield code='2'>czenas</subfield></datafield><datafield ind1='1' ind2=' ' tag='700'><subfield code='a'>Starke, Barry W.</subfield><subfield code='7'>ntk2013799270</subfield><subfield code='4'>aut</subfield></datafield><datafield ind1=' ' ind2=' ' tag='CAT'><subfield code='a'>KULHAVA</subfield><subfield code='b'>20</subfield><subfield code='c'>20101103</subfield><subfield code='l'>CZU01</subfield><subfield code='h'>1453</subfield></datafield><datafield ind1=' ' ind2=' ' tag='CAT'><subfield code='a'>KULHAVA</subfield><subfield code='b'>20</subfield><subfield code='c'>20101103</subfield><subfield code='l'>CZU01</subfield><subfield code='h'>1453</subfield></datafield><datafield ind1=' ' ind2=' ' tag='CAT'><subfield code='a'>BATELKOVA</subfield><subfield code='b'>20</subfield><subfield code='c'>20101201</subfield><subfield code='l'>CZU01</subfield><subfield code='h'>1103</subfield></datafield><datafield ind1=' ' ind2=' ' tag='CAT'><subfield code='a'>batch</subfield><subfield code='b'>00</subfield><subfield code='c'>20120323</subfield><subfield code='l'>CZU01</subfield><subfield code='h'>1720</subfield></datafield><datafield ind1=' ' ind2=' ' tag='CAT'><subfield code='a'>CEDIKOVA</subfield><subfield code='b'>20</subfield><subfield code='c'>20140905</subfield><subfield code='l'>CZU01</subfield><subfield code='h'>1355</subfield></datafield><datafield ind1=' ' ind2=' ' tag='910'><subfield code='a'>ABD026</subfield></datafield><datafield ind1=' ' ind2=' ' tag='900'><subfield code='a'>ABA100</subfield><subfield code='b'>10</subfield></datafield><datafield ind1=' ' ind2=' ' tag='998'><subfield code='a'>004214496</subfield></datafield><datafield ind1=' ' ind2=' ' tag='SID'><subfield code='a'>Z39</subfield><subfield code='b'>JIB-Z</subfield></datafield><datafield ind1='0' ind2=' ' tag='090'><subfield code='b'>1</subfield></datafield></record>