
<record><leader>00000namZa22ZZZZZ7aZ4500</leader><controlfield tag='001'>000058496</controlfield><controlfield tag='003'>CZ-PrCZU</controlfield><controlfield tag='005'>20100222134232.0</controlfield><controlfield tag='008'>100222s2008----xxka---f-----|0|1-0-eng-d</controlfield><datafield ind1=' ' ind2=' ' tag='020'><subfield code='a'>978-0-262-19583-6</subfield></datafield><datafield ind1=' ' ind2=' ' tag='040'><subfield code='a'>ABD026</subfield><subfield code='b'>cze</subfield></datafield><datafield ind1=' ' ind2='7' tag='072'><subfield code='a'>159.95</subfield><subfield code='x'>Vyšší duševní procesy</subfield><subfield code='2'>Konspekt</subfield><subfield code='9'>17</subfield></datafield><datafield ind1=' ' ind2=' ' tag='080'><subfield code='a'>159.955.5</subfield><subfield code='2'>MRF</subfield></datafield><datafield ind1=' ' ind2=' ' tag='080'><subfield code='a'>101.8</subfield><subfield code='2'>MRF</subfield></datafield><datafield ind1=' ' ind2=' ' tag='080'><subfield code='a'>005.51</subfield><subfield code='2'>MRF</subfield></datafield><datafield ind1='1' ind2=' ' tag='100'><subfield code='a'>Stenning, Keith</subfield></datafield><datafield ind1='1' ind2='0' tag='245'><subfield code='a'>Human reasoning and cognitive science /</subfield><subfield code='c'>Keith Stenning and Michiel van Lambalgen</subfield></datafield><datafield ind1=' ' ind2=' ' tag='260'><subfield code='a'>Cambridge, Mass. ;</subfield><subfield code='a'>London :</subfield><subfield code='b'>MIT,</subfield><subfield code='c'>c2008.</subfield></datafield><datafield ind1=' ' ind2=' ' tag='300'><subfield code='a'>xii, 407 s. :</subfield><subfield code='b'>il.</subfield><subfield code='c'>24 cm</subfield></datafield><datafield ind1=' ' ind2=' ' tag='504'><subfield code='a'>Obsahuje bibliografii (s. [367]-390) a rejstřík</subfield></datafield><datafield ind1='0' ind2='7' tag='650'><subfield code='a'>rozhodování</subfield><subfield code='7'>ph125259</subfield><subfield code='2'>czenas</subfield></datafield><datafield ind1='0' ind2='7' tag='650'><subfield code='a'>filozofické myšlení</subfield><subfield code='7'>ph137813</subfield><subfield code='2'>czenas</subfield></datafield><datafield ind1='0' ind2='7' tag='650'><subfield code='a'>plánování</subfield><subfield code='7'>ph382380</subfield><subfield code='2'>czenas</subfield></datafield><datafield ind1='0' ind2='7' tag='650'><subfield code='a'>logika</subfield><subfield code='7'>ph122436</subfield><subfield code='2'>czenas</subfield></datafield><datafield ind1=' ' ind2='7' tag='655'><subfield code='a'>monografie</subfield><subfield code='7'>fd132842</subfield><subfield code='2'>czenas</subfield></datafield><datafield ind1='1' ind2=' ' tag='700'><subfield code='a'>Lambalgen, Michiel van</subfield><subfield code='4'>aut</subfield></datafield><datafield ind1=' ' ind2=' ' tag='CAT'><subfield code='a'>NEMECKOVA</subfield><subfield code='b'>20</subfield><subfield code='c'>20100222</subfield><subfield code='l'>CZU01</subfield><subfield code='h'>1342</subfield></datafield><datafield ind1=' ' ind2=' ' tag='CAT'><subfield code='a'>batch</subfield><subfield code='b'>00</subfield><subfield code='c'>20120323</subfield><subfield code='l'>CZU01</subfield><subfield code='h'>1720</subfield></datafield><datafield ind1=' ' ind2=' ' tag='910'><subfield code='a'>ABD026</subfield></datafield><datafield ind1='0' ind2=' ' tag='090'><subfield code='b'>1</subfield></datafield></record>