
<record><leader>00000aamZa22ZZZZZ7aZ4500</leader><controlfield tag='001'>000058283</controlfield><controlfield tag='003'>CZ-PrCZU</controlfield><controlfield tag='005'>20140122105556.0</controlfield><controlfield tag='008'>020418s1999----xxua---f------0-1---eng--</controlfield><datafield ind1=' ' ind2=' ' tag='020'><subfield code='a'>1-55860-543-6</subfield></datafield><datafield ind1=' ' ind2=' ' tag='040'><subfield code='a'>PAD001</subfield><subfield code='d'>ABD026</subfield><subfield code='b'>cze</subfield></datafield><datafield ind1='0' ind2='0' tag='050'><subfield code='a'>QA76.623</subfield><subfield code='b'>.K69 1999</subfield></datafield><datafield ind1=' ' ind2='7' tag='072'><subfield code='a'>004.8</subfield><subfield code='x'>umělá inteligence</subfield><subfield code='2'>Konspekt</subfield><subfield code='9'>23</subfield></datafield><datafield ind1=' ' ind2=' ' tag='080'><subfield code='a'>004.9</subfield><subfield code='2'>MRF</subfield></datafield><datafield ind1=' ' ind2=' ' tag='080'><subfield code='a'>004.8:510.5</subfield><subfield code='2'>MRF</subfield></datafield><datafield ind1='0' ind2='0' tag='245'><subfield code='a'>Genetic programming III :</subfield><subfield code='b'>darwinian invention and problem solving /</subfield><subfield code='c'>John R. Koza ... [et al.]</subfield></datafield><datafield ind1=' ' ind2=' ' tag='260'><subfield code='a'>San Francisco :</subfield><subfield code='b'>Morgan Kaufmann,</subfield><subfield code='c'>1999</subfield></datafield><datafield ind1=' ' ind2=' ' tag='300'><subfield code='a'>xxviii, 1154 s. :</subfield><subfield code='b'>il.,</subfield><subfield code='c'>25 cm</subfield></datafield><datafield ind1=' ' ind2=' ' tag='504'><subfield code='a'>Obsahuje bibliografii (s. [1081]-1114) a rejstřík</subfield></datafield><datafield ind1=' ' ind2='7' tag='650'><subfield code='a'>evoluční algoritmy</subfield><subfield code='7'>ph171358</subfield><subfield code='2'>czenas</subfield></datafield><datafield ind1=' ' ind2='7' tag='650'><subfield code='a'>genetické algoritmy</subfield><subfield code='7'>ph120485</subfield><subfield code='2'>czenas</subfield></datafield><datafield ind1=' ' ind2='7' tag='655'><subfield code='a'>příručky</subfield><subfield code='7'>fd133209</subfield><subfield code='2'>czenas</subfield></datafield><datafield ind1='1' ind2=' ' tag='700'><subfield code='a'>Koza, John R.</subfield><subfield code='7'>xx0006805</subfield></datafield><datafield ind1=' ' ind2=' ' tag='CAT'><subfield code='a'>NEMECKOVA</subfield><subfield code='b'>20</subfield><subfield code='c'>20100107</subfield><subfield code='l'>CZU01</subfield><subfield code='h'>1007</subfield></datafield><datafield ind1=' ' ind2=' ' tag='CAT'><subfield code='a'>batch</subfield><subfield code='b'>00</subfield><subfield code='c'>20120323</subfield><subfield code='l'>CZU01</subfield><subfield code='h'>1720</subfield></datafield><datafield ind1=' ' ind2=' ' tag='CAT'><subfield code='a'>KULHAVA</subfield><subfield code='b'>20</subfield><subfield code='c'>20140122</subfield><subfield code='l'>CZU01</subfield><subfield code='h'>1055</subfield></datafield><datafield ind1=' ' ind2=' ' tag='900'><subfield code='a'>PAD001</subfield><subfield code='b'>8</subfield></datafield><datafield ind1=' ' ind2=' ' tag='910'><subfield code='a'>ABD026</subfield></datafield><datafield ind1=' ' ind2=' ' tag='998'><subfield code='a'>002190382</subfield></datafield><datafield ind1=' ' ind2=' ' tag='SID'><subfield code='a'>Z39</subfield><subfield code='b'>SKC-Z-SN</subfield></datafield><datafield ind1='0' ind2=' ' tag='090'><subfield code='b'>1</subfield></datafield></record>