
<record><leader>00000namZa22ZZZZZ7aZ4500</leader><controlfield tag='001'>000058164</controlfield><controlfield tag='003'>CZ-PrCZU</controlfield><controlfield tag='005'>20091209112941.0</controlfield><controlfield tag='007'>ta</controlfield><controlfield tag='008'>080522s2008----xxua---f-f----001-0-eng-d</controlfield><datafield ind1=' ' ind2=' ' tag='020'><subfield code='a'>978-0-8058-5870-9 (váz.)</subfield><subfield code='z'>0-8058-5870-9</subfield></datafield><datafield ind1=' ' ind2=' ' tag='040'><subfield code='a'>BTCTA</subfield><subfield code='b'>cze</subfield><subfield code='c'>BTCTA</subfield><subfield code='d'>BAKER</subfield><subfield code='d'>MUB</subfield><subfield code='d'>YDXCP</subfield><subfield code='d'>UKM</subfield><subfield code='d'>IAY</subfield><subfield code='d'>ABA001</subfield><subfield code='d'>ABD026</subfield></datafield><datafield ind1=' ' ind2='7' tag='072'><subfield code='a'>004</subfield><subfield code='x'>Počítačová věda. Výpočetní technika. Informační technologie</subfield><subfield code='2'>Konspekt</subfield><subfield code='9'>23</subfield></datafield><datafield ind1=' ' ind2=' ' tag='080'><subfield code='a'>004.5</subfield><subfield code='2'>MRF</subfield></datafield><datafield ind1=' ' ind2=' ' tag='080'><subfield code='a'>(035)</subfield><subfield code='2'>MRF</subfield></datafield><datafield ind1='0' ind2='4' tag='245'><subfield code='a'>The human-computer interaction handbook :</subfield><subfield code='b'>fundamentals, evolving technologies, and emerging applications /</subfield><subfield code='c'>edited by Andrew Sears and Julie A. Jacko</subfield></datafield><datafield ind1=' ' ind2=' ' tag='250'><subfield code='a'>2nd ed.</subfield></datafield><datafield ind1=' ' ind2=' ' tag='260'><subfield code='a'>New York :</subfield><subfield code='b'>Lawrence Erlbaum Associates,</subfield><subfield code='c'>c2008</subfield></datafield><datafield ind1=' ' ind2=' ' tag='300'><subfield code='a'>xxiii, 1358 s. :</subfield><subfield code='b'>il. ;</subfield><subfield code='c'>29 cm</subfield></datafield><datafield ind1='1' ind2=' ' tag='490'><subfield code='a'>Human factors and ergonomics</subfield></datafield><datafield ind1=' ' ind2=' ' tag='504'><subfield code='a'>Obsahuje bibliografie a rejstříky</subfield></datafield><datafield ind1='0' ind2='7' tag='650'><subfield code='a'>interakce člověk-počítač</subfield><subfield code='7'>ph121144</subfield><subfield code='2'>czenas</subfield></datafield><datafield ind1=' ' ind2='7' tag='655'><subfield code='a'>příručky</subfield><subfield code='7'>fd133209</subfield><subfield code='2'>czenas</subfield></datafield><datafield ind1='1' ind2=' ' tag='700'><subfield code='a'>Sears, Andrew</subfield><subfield code='4'>edt</subfield></datafield><datafield ind1='1' ind2=' ' tag='700'><subfield code='a'>Jacko, Julie A.</subfield><subfield code='7'>stk2007415324</subfield><subfield code='4'>edt</subfield></datafield><datafield ind1=' ' ind2='0' tag='830'><subfield code='a'>Human factors and ergonomics</subfield></datafield><datafield ind1=' ' ind2=' ' tag='CAT'><subfield code='a'>BATELKOVA</subfield><subfield code='b'>20</subfield><subfield code='c'>20091209</subfield><subfield code='l'>CZU01</subfield><subfield code='h'>1129</subfield></datafield><datafield ind1=' ' ind2=' ' tag='CAT'><subfield code='a'>batch</subfield><subfield code='b'>00</subfield><subfield code='c'>20120323</subfield><subfield code='l'>CZU01</subfield><subfield code='h'>1720</subfield></datafield><datafield ind1=' ' ind2=' ' tag='910'><subfield code='a'>ABD026</subfield></datafield><datafield ind1=' ' ind2=' ' tag='SID'><subfield code='a'>Z39</subfield><subfield code='b'>SKC-Z-SN</subfield></datafield><datafield ind1='0' ind2=' ' tag='090'><subfield code='b'>1</subfield></datafield></record>