
<record><leader>00000namZa22ZZZZZ7aZ4500</leader><controlfield tag='001'>000058163</controlfield><controlfield tag='003'>CZ-PrCZU</controlfield><controlfield tag='005'>20140521104811.0</controlfield><controlfield tag='008'>050128s2004----gw-a-----b----001-0-eng--</controlfield><datafield ind1=' ' ind2=' ' tag='020'><subfield code='a'>3540224947 (acid-free paper)</subfield></datafield><datafield ind1=' ' ind2=' ' tag='040'><subfield code='a'>DLC</subfield><subfield code='c'>DLC</subfield><subfield code='d'>DLC</subfield><subfield code='d'>ABD026</subfield></datafield><datafield ind1='0' ind2='0' tag='050'><subfield code='a'>QA63</subfield><subfield code='b'>.M53 2004</subfield></datafield><datafield ind1='1' ind2=' ' tag='100'><subfield code='a'>Michalewicz, Zbigniew,</subfield><subfield code='d'>1952-</subfield><subfield code='7'>jn20020722320</subfield></datafield><datafield ind1='1' ind2='0' tag='245'><subfield code='a'>How to solve it :</subfield><subfield code='b'>modern heuristics /</subfield><subfield code='c'>Zbigniew Michalewicz, David B. Fogel.</subfield></datafield><datafield ind1=' ' ind2=' ' tag='250'><subfield code='a'>2nd ed., rev. and extended ed.</subfield></datafield><datafield ind1=' ' ind2=' ' tag='260'><subfield code='a'>Berlin ;</subfield><subfield code='a'>New York :</subfield><subfield code='b'>Springer,</subfield><subfield code='c'>c2004.</subfield></datafield><datafield ind1=' ' ind2=' ' tag='300'><subfield code='a'>xviii, 554 p. :</subfield><subfield code='b'>ill. ;</subfield><subfield code='c'>25 cm.</subfield></datafield><datafield ind1=' ' ind2=' ' tag='504'><subfield code='a'>Includes bibliographical references (p. [525]-550) and index.</subfield></datafield><datafield ind1=' ' ind2='0' tag='650'><subfield code='a'>Problem solving.</subfield></datafield><datafield ind1=' ' ind2='0' tag='650'><subfield code='a'>Heuristic.</subfield></datafield><datafield ind1=' ' ind2='0' tag='650'><subfield code='a'>Mathematical recreations.</subfield></datafield><datafield ind1='1' ind2=' ' tag='700'><subfield code='a'>Fogel, David B.</subfield><subfield code='7'>jn20020722321</subfield></datafield><datafield ind1=' ' ind2=' ' tag='CAT'><subfield code='a'>BATELKOVA</subfield><subfield code='b'>20</subfield><subfield code='c'>20091209</subfield><subfield code='l'>CZU01</subfield><subfield code='h'>1120</subfield></datafield><datafield ind1=' ' ind2=' ' tag='CAT'><subfield code='a'>batch</subfield><subfield code='b'>00</subfield><subfield code='c'>20120323</subfield><subfield code='l'>CZU01</subfield><subfield code='h'>1720</subfield></datafield><datafield ind1=' ' ind2=' ' tag='CAT'><subfield code='a'>KULHAVA</subfield><subfield code='b'>20</subfield><subfield code='c'>20140521</subfield><subfield code='l'>CZU01</subfield><subfield code='h'>1048</subfield></datafield><datafield ind1=' ' ind2=' ' tag='910'><subfield code='a'>ABD026</subfield></datafield><datafield ind1=' ' ind2=' ' tag='SID'><subfield code='a'>Z39</subfield><subfield code='b'>LOC</subfield></datafield><datafield ind1='0' ind2=' ' tag='090'><subfield code='b'>1</subfield></datafield></record>