
<record><leader>00000namZa22ZZZZZ7aZ4500</leader><controlfield tag='001'>000058160</controlfield><controlfield tag='003'>CZ-PrCZU</controlfield><controlfield tag='005'>20091209103402.0</controlfield><controlfield tag='008'>070706s2007----gw-a-----b----001-0-eng--</controlfield><datafield ind1=' ' ind2=' ' tag='020'><subfield code='a'>9783540732969</subfield></datafield><datafield ind1=' ' ind2=' ' tag='040'><subfield code='b'>cze</subfield></datafield><datafield ind1=' ' ind2=' ' tag='040'><subfield code='a'>DLC</subfield><subfield code='c'>DLC</subfield><subfield code='d'>DLC</subfield><subfield code='d'>ABD026</subfield></datafield><datafield ind1='0' ind2='0' tag='245'><subfield code='a'>Hybrid evolutionary algorithms /</subfield><subfield code='c'>Crina Grosan, Ajith Abraham, Hisao Ishibuchi (eds.).</subfield></datafield><datafield ind1=' ' ind2=' ' tag='260'><subfield code='a'>Berlin ;</subfield><subfield code='a'>New York :</subfield><subfield code='b'>Springer,</subfield><subfield code='c'>2007.</subfield></datafield><datafield ind1=' ' ind2=' ' tag='300'><subfield code='a'>xv, 403 s. :</subfield><subfield code='b'>ill. ;</subfield><subfield code='c'>25 cm.</subfield></datafield><datafield ind1='0' ind2=' ' tag='490'><subfield code='a'>Studies in computational intelligence ; 75</subfield></datafield><datafield ind1=' ' ind2=' ' tag='504'><subfield code='a'>obsahuje bibliografii a rejstřík</subfield></datafield><datafield ind1=' ' ind2='0' tag='650'><subfield code='a'>Evolutionary programming (Computer science)</subfield></datafield><datafield ind1=' ' ind2='0' tag='650'><subfield code='a'>Evolutionary computation.</subfield></datafield><datafield ind1=' ' ind2='0' tag='650'><subfield code='a'>Genetic algorithms.</subfield></datafield><datafield ind1='1' ind2=' ' tag='700'><subfield code='a'>Grosan, Crina.</subfield></datafield><datafield ind1='1' ind2=' ' tag='700'><subfield code='a'>Abraham, Ajith,</subfield><subfield code='d'>1968-</subfield></datafield><datafield ind1='1' ind2=' ' tag='700'><subfield code='a'>Ishibuchi, Hisao.</subfield></datafield><datafield ind1=' ' ind2=' ' tag='CAT'><subfield code='a'>BATELKOVA</subfield><subfield code='b'>20</subfield><subfield code='c'>20091209</subfield><subfield code='l'>CZU01</subfield><subfield code='h'>1034</subfield></datafield><datafield ind1=' ' ind2=' ' tag='CAT'><subfield code='a'>batch</subfield><subfield code='b'>00</subfield><subfield code='c'>20120323</subfield><subfield code='l'>CZU01</subfield><subfield code='h'>1720</subfield></datafield><datafield ind1=' ' ind2=' ' tag='910'><subfield code='a'>ABD026</subfield></datafield><datafield ind1=' ' ind2=' ' tag='SID'><subfield code='a'>Z39</subfield><subfield code='b'>LOC</subfield></datafield><datafield ind1='0' ind2=' ' tag='090'><subfield code='b'>1</subfield></datafield></record>