
<record><leader>00000namZa22ZZZZZ7aZ4500</leader><controlfield tag='001'>000058159</controlfield><controlfield tag='003'>CZ-PrCZU</controlfield><controlfield tag='005'>20140905140018.0</controlfield><controlfield tag='007'>ta</controlfield><controlfield tag='008'>110628s2009----xxua---fr-----001-0-eng-d</controlfield><datafield ind1=' ' ind2=' ' tag='020'><subfield code='a'>978-0-9823681-0-7 (brož.)</subfield><subfield code='z'>0-9823681-0-0</subfield></datafield><datafield ind1=' ' ind2=' ' tag='040'><subfield code='a'>ABA006</subfield><subfield code='b'>cze</subfield><subfield code='c'>ABA006</subfield><subfield code='d'>ABA006</subfield><subfield code='d'>ABD026</subfield></datafield><datafield ind1=' ' ind2='7' tag='072'><subfield code='a'>004</subfield><subfield code='x'>Počítačová věda. Výpočetní technika. Informační technologie</subfield><subfield code='2'>Konspekt</subfield><subfield code='9'>23</subfield></datafield><datafield ind1=' ' ind2='7' tag='072'><subfield code='a'>005</subfield><subfield code='x'>Management. Řízení</subfield><subfield code='2'>Konspekt</subfield><subfield code='9'>4</subfield></datafield><datafield ind1=' ' ind2=' ' tag='080'><subfield code='a'>004</subfield><subfield code='2'>MRF</subfield></datafield><datafield ind1=' ' ind2=' ' tag='080'><subfield code='a'>005.5</subfield><subfield code='2'>MRF</subfield></datafield><datafield ind1=' ' ind2=' ' tag='080'><subfield code='a'>316.776</subfield><subfield code='2'>MRF</subfield></datafield><datafield ind1=' ' ind2=' ' tag='080'><subfield code='a'>004.62</subfield><subfield code='2'>MRF</subfield></datafield><datafield ind1=' ' ind2=' ' tag='080'><subfield code='a'>[007+004]:658</subfield><subfield code='2'>MRF</subfield></datafield><datafield ind1=' ' ind2=' ' tag='080'><subfield code='a'>005.591</subfield><subfield code='2'>MRF</subfield></datafield><datafield ind1=' ' ind2=' ' tag='080'><subfield code='a'>005:[007+004]</subfield><subfield code='2'>MRF</subfield></datafield><datafield ind1=' ' ind2=' ' tag='080'><subfield code='a'>(035)</subfield><subfield code='2'>MRF</subfield></datafield><datafield ind1='1' ind2=' ' tag='100'><subfield code='a'>Silver, Bruce</subfield><subfield code='q'>(Bruce Richard)</subfield><subfield code='7'>mub2010597047</subfield><subfield code='4'>aut</subfield></datafield><datafield ind1='1' ind2='0' tag='245'><subfield code='a'>BPMN method and style /</subfield><subfield code='c'>Bruce Silver</subfield></datafield><datafield ind1=' ' ind2=' ' tag='260'><subfield code='a'>Aptos :</subfield><subfield code='b'>Cody-Cassidy Press,</subfield><subfield code='c'>2009</subfield></datafield><datafield ind1=' ' ind2=' ' tag='300'><subfield code='a'>xviii, 213 s. :</subfield><subfield code='b'>il.</subfield></datafield><datafield ind1=' ' ind2=' ' tag='504'><subfield code='a'>Obsahuje bibliografii a rejstřík</subfield></datafield><datafield ind1=' ' ind2=' ' tag='504'><subfield code='a'>Obsahuje bibliografické odkazy a rejstřík</subfield></datafield><datafield ind1='0' ind2='7' tag='650'><subfield code='a'>management</subfield><subfield code='7'>ph115217</subfield><subfield code='2'>czenas</subfield></datafield><datafield ind1='0' ind2='7' tag='650'><subfield code='a'>informační systémy</subfield><subfield code='7'>ph114774</subfield><subfield code='2'>czenas</subfield></datafield><datafield ind1='0' ind2='7' tag='650'><subfield code='a'>procesní management</subfield><subfield code='7'>ph166531</subfield><subfield code='2'>czenas</subfield></datafield><datafield ind1='0' ind2='7' tag='650'><subfield code='a'>toky informací</subfield><subfield code='7'>ph135882</subfield><subfield code='2'>czenas</subfield></datafield><datafield ind1='0' ind2='7' tag='650'><subfield code='a'>zpracování dat</subfield><subfield code='7'>ph127675</subfield><subfield code='2'>czenas</subfield></datafield><datafield ind1='0' ind2='7' tag='650'><subfield code='a'>podnikové informační systémy</subfield><subfield code='7'>ph121104</subfield><subfield code='2'>czenas</subfield></datafield><datafield ind1='0' ind2='7' tag='650'><subfield code='a'>reengineering</subfield><subfield code='7'>ph125054</subfield><subfield code='2'>czenas</subfield></datafield><datafield ind1='0' ind2='7' tag='650'><subfield code='a'>informační management</subfield><subfield code='7'>ph114770</subfield><subfield code='2'>czenas</subfield></datafield><datafield ind1='0' ind2='9' tag='650'><subfield code='a'>process management</subfield><subfield code='2'>eczenas</subfield></datafield><datafield ind1='0' ind2='9' tag='650'><subfield code='a'>information flow</subfield><subfield code='2'>eczenas</subfield></datafield><datafield ind1='0' ind2='9' tag='650'><subfield code='a'>data processing</subfield><subfield code='2'>eczenas</subfield></datafield><datafield ind1='0' ind2='9' tag='650'><subfield code='a'>management information systems</subfield><subfield code='2'>eczenas</subfield></datafield><datafield ind1='0' ind2='9' tag='650'><subfield code='a'>reengineering (management)</subfield><subfield code='2'>eczenas</subfield></datafield><datafield ind1='0' ind2='9' tag='650'><subfield code='a'>information management</subfield><subfield code='2'>eczenas</subfield></datafield><datafield ind1=' ' ind2='7' tag='655'><subfield code='a'>příručky</subfield><subfield code='7'>fd133209</subfield><subfield code='2'>czenas</subfield></datafield><datafield ind1=' ' ind2='9' tag='655'><subfield code='a'>handbooks, manuals, etc.</subfield><subfield code='2'>eczenas</subfield></datafield><datafield ind1=' ' ind2=' ' tag='CAT'><subfield code='a'>BATELKOVA</subfield><subfield code='b'>20</subfield><subfield code='c'>20091209</subfield><subfield code='l'>CZU01</subfield><subfield code='h'>1022</subfield></datafield><datafield ind1=' ' ind2=' ' tag='CAT'><subfield code='a'>NEMECKOVA</subfield><subfield code='b'>20</subfield><subfield code='c'>20110303</subfield><subfield code='l'>CZU01</subfield><subfield code='h'>0903</subfield></datafield><datafield ind1=' ' ind2=' ' tag='CAT'><subfield code='a'>NEMECKOVA</subfield><subfield code='b'>20</subfield><subfield code='c'>20110303</subfield><subfield code='l'>CZU01</subfield><subfield code='h'>0904</subfield></datafield><datafield ind1=' ' ind2=' ' tag='CAT'><subfield code='a'>NEMECKOVA</subfield><subfield code='b'>20</subfield><subfield code='c'>20110303</subfield><subfield code='l'>CZU01</subfield><subfield code='h'>0904</subfield></datafield><datafield ind1=' ' ind2=' ' tag='CAT'><subfield code='a'>batch</subfield><subfield code='b'>00</subfield><subfield code='c'>20120323</subfield><subfield code='l'>CZU01</subfield><subfield code='h'>1720</subfield></datafield><datafield ind1=' ' ind2=' ' tag='CAT'><subfield code='a'>CEDIKOVA</subfield><subfield code='b'>20</subfield><subfield code='c'>20140905</subfield><subfield code='l'>CZU01</subfield><subfield code='h'>1359</subfield></datafield><datafield ind1=' ' ind2=' ' tag='CAT'><subfield code='a'>CEDIKOVA</subfield><subfield code='b'>20</subfield><subfield code='c'>20140905</subfield><subfield code='l'>CZU01</subfield><subfield code='h'>1400</subfield></datafield><datafield ind1=' ' ind2=' ' tag='910'><subfield code='a'>ABD026</subfield></datafield><datafield ind1=' ' ind2=' ' tag='900'><subfield code='a'>ABA006</subfield><subfield code='b'>16</subfield></datafield><datafield ind1=' ' ind2=' ' tag='998'><subfield code='a'>004098728</subfield></datafield><datafield ind1=' ' ind2=' ' tag='SID'><subfield code='a'>Z39</subfield><subfield code='b'>JIB-Z</subfield></datafield><datafield ind1='0' ind2=' ' tag='090'><subfield code='b'>2</subfield></datafield></record>