
<record><leader>00000namZa22ZZZZZ7aZ4500</leader><controlfield tag='001'>000058158</controlfield><controlfield tag='003'>CZ-PrCZU</controlfield><controlfield tag='005'>20091209095719.0</controlfield><controlfield tag='008'>090514s2009----nyu-----------000-0-eng--</controlfield><datafield ind1=' ' ind2=' ' tag='020'><subfield code='a'>9783642018589 (softcover : alk. paper)</subfield></datafield><datafield ind1=' ' ind2=' ' tag='020'><subfield code='a'>3642018580 (softcover : alk. paper)</subfield></datafield><datafield ind1=' ' ind2=' ' tag='040'><subfield code='a'>DLC</subfield><subfield code='c'>DLC</subfield><subfield code='d'>ABD026</subfield></datafield><datafield ind1=' ' ind2='7' tag='072'><subfield code='a'>004</subfield><subfield code='x'>Počítačová věda. Výpočetní technika. Informační technologie</subfield><subfield code='2'>Konspekt</subfield><subfield code='9'>23</subfield></datafield><datafield ind1=' ' ind2=' ' tag='080'><subfield code='a'>004.6</subfield><subfield code='2'>MRF</subfield></datafield><datafield ind1='0' ind2='0' tag='245'><subfield code='a'>Advances in enterprise engineering II :</subfield><subfield code='b'>first NAF Academy working conference on practice-driven research on enterprise transformation, PRET 2009, held at Caise 2009, Amsterdam, The Netherlands, June 11, 2009. proceedings /</subfield><subfield code='c'>[edited by] Erik Proper, Frank Harmsen, Jan L.G. Dietz.</subfield></datafield><datafield ind1=' ' ind2=' ' tag='250'><subfield code='a'>1st ed.</subfield></datafield><datafield ind1=' ' ind2=' ' tag='260'><subfield code='a'>New York :</subfield><subfield code='b'>Springer,</subfield><subfield code='c'>2009.</subfield></datafield><datafield ind1=' ' ind2=' ' tag='300'><subfield code='a'>209 s.</subfield></datafield><datafield ind1='0' ind2=' ' tag='490'><subfield code='a'>Lecture notes in business information processing ;</subfield><subfield code='v'>28</subfield></datafield><datafield ind1='0' ind2='7' tag='650'><subfield code='a'>informační systémy</subfield><subfield code='7'>ph114774</subfield><subfield code='2'>czenas</subfield></datafield><datafield ind1=' ' ind2=' ' tag='CAT'><subfield code='a'>BATELKOVA</subfield><subfield code='b'>20</subfield><subfield code='c'>20091209</subfield><subfield code='l'>CZU01</subfield><subfield code='h'>0957</subfield></datafield><datafield ind1=' ' ind2=' ' tag='CAT'><subfield code='a'>batch</subfield><subfield code='b'>00</subfield><subfield code='c'>20120323</subfield><subfield code='l'>CZU01</subfield><subfield code='h'>1720</subfield></datafield><datafield ind1=' ' ind2=' ' tag='910'><subfield code='a'>ABD026</subfield></datafield><datafield ind1=' ' ind2=' ' tag='SID'><subfield code='a'>Z39</subfield><subfield code='b'>LOC</subfield></datafield><datafield ind1='0' ind2=' ' tag='090'><subfield code='b'>1</subfield></datafield></record>