
<record><leader>00000namZa22ZZZZZ7aZ4500</leader><controlfield tag='001'>000058157</controlfield><controlfield tag='003'>CZ-PrCZU</controlfield><controlfield tag='005'>20120627095042.0</controlfield><controlfield tag='008'>960725s1997----njua----------001-0-eng--</controlfield><datafield ind1=' ' ind2=' ' tag='020'><subfield code='a'>013476904X (pbk.)</subfield></datafield><datafield ind1=' ' ind2=' ' tag='040'><subfield code='a'>DLC</subfield><subfield code='c'>DLC</subfield><subfield code='d'>DLC</subfield><subfield code='d'>ABD026</subfield></datafield><datafield ind1='0' ind2='0' tag='050'><subfield code='a'>QA76.73.S59</subfield><subfield code='b'>B43 1997</subfield></datafield><datafield ind1=' ' ind2='7' tag='072'><subfield code='a'>004</subfield><subfield code='x'>Počítačová věda. Výpočetní technika. Informační technologie</subfield><subfield code='2'>Konspekt</subfield><subfield code='9'>23</subfield></datafield><datafield ind1=' ' ind2=' ' tag='080'><subfield code='a'>004.4</subfield><subfield code='2'>MRF</subfield></datafield><datafield ind1='1' ind2=' ' tag='100'><subfield code='a'>Beck, Kent,</subfield><subfield code='d'>1961-</subfield><subfield code='7'>xx0001984</subfield></datafield><datafield ind1='1' ind2='0' tag='245'><subfield code='a'>Smalltalk best practice patterns /</subfield><subfield code='c'>Kent Beck.</subfield></datafield><datafield ind1=' ' ind2=' ' tag='260'><subfield code='a'>Upper Saddle River, N.J. :</subfield><subfield code='b'>Prentice Hall,</subfield><subfield code='c'>c1997.</subfield></datafield><datafield ind1=' ' ind2=' ' tag='300'><subfield code='a'>x, 224 s. :</subfield><subfield code='b'>ill. ;</subfield><subfield code='c'>24 cm.</subfield></datafield><datafield ind1=' ' ind2=' ' tag='500'><subfield code='a'>Includes index.</subfield></datafield><datafield ind1='0' ind2='7' tag='650'><subfield code='a'>programování</subfield><subfield code='7'>ph115891</subfield><subfield code='2'>czenas</subfield></datafield><datafield ind1=' ' ind2='7' tag='655'><subfield code='a'>příručky</subfield><subfield code='7'>fd133209</subfield><subfield code='2'>czenas</subfield></datafield><datafield ind1=' ' ind2='0' tag='650'><subfield code='a'>Smalltalk (Computer program language)</subfield></datafield><datafield ind1=' ' ind2=' ' tag='CAT'><subfield code='a'>BATELKOVA</subfield><subfield code='b'>20</subfield><subfield code='c'>20091209</subfield><subfield code='l'>CZU01</subfield><subfield code='h'>0903</subfield></datafield><datafield ind1=' ' ind2=' ' tag='CAT'><subfield code='a'>BATELKOVA</subfield><subfield code='b'>20</subfield><subfield code='c'>20091209</subfield><subfield code='l'>CZU01</subfield><subfield code='h'>0904</subfield></datafield><datafield ind1=' ' ind2=' ' tag='CAT'><subfield code='a'>batch</subfield><subfield code='b'>00</subfield><subfield code='c'>20120323</subfield><subfield code='l'>CZU01</subfield><subfield code='h'>1720</subfield></datafield><datafield ind1=' ' ind2=' ' tag='CAT'><subfield code='a'>KULHAVA</subfield><subfield code='b'>20</subfield><subfield code='c'>20120627</subfield><subfield code='l'>CZU01</subfield><subfield code='h'>0950</subfield></datafield><datafield ind1=' ' ind2=' ' tag='910'><subfield code='a'>ABD026</subfield></datafield><datafield ind1=' ' ind2=' ' tag='SID'><subfield code='a'>Z39</subfield><subfield code='b'>LOC</subfield></datafield><datafield ind1='0' ind2=' ' tag='090'><subfield code='b'>1</subfield></datafield></record>