
<record><leader>00000namZa22ZZZZZ7aZ4500</leader><controlfield tag='001'>000058143</controlfield><controlfield tag='003'>CZ-PrCZU</controlfield><controlfield tag='005'>20091208093621.0</controlfield><controlfield tag='008'>091208s2008----xxk----f-----||||-0-eng-d</controlfield><datafield ind1=' ' ind2=' ' tag='020'><subfield code='a'>978-1-84719-146-5</subfield></datafield><datafield ind1=' ' ind2=' ' tag='040'><subfield code='a'>ABD026</subfield><subfield code='b'>cze</subfield></datafield><datafield ind1=' ' ind2=' ' tag='041'/><datafield ind1=' ' ind2='7' tag='072'><subfield code='a'>007</subfield><subfield code='x'>Teorie systémů. Automatické systémy. Informační systémy. Kybernetika</subfield><subfield code='2'>Konspekt</subfield><subfield code='9'>23</subfield></datafield><datafield ind1=' ' ind2=' ' tag='080'><subfield code='a'>007+004</subfield><subfield code='2'>MRF</subfield></datafield><datafield ind1='1' ind2=' ' tag='100'><subfield code='a'>Juric, Matjaz B.</subfield><subfield code='4'>aut</subfield></datafield><datafield ind1='1' ind2='0' tag='245'><subfield code='a'>Business process driven SOA using BPMN and BPEL :</subfield><subfield code='b'>from business procrss modeling to orchestration and service oriented atchitecture /</subfield><subfield code='c'>matjaz B. Juric, Kapil Pant</subfield></datafield><datafield ind1=' ' ind2=' ' tag='250'><subfield code='a'>311 s.</subfield></datafield><datafield ind1=' ' ind2=' ' tag='260'><subfield code='a'>Birmingham :</subfield><subfield code='b'>Packt Publishing,</subfield><subfield code='c'>2008</subfield></datafield><datafield ind1=' ' ind2=' ' tag='300'><subfield code='a'>311 s.</subfield></datafield><datafield ind1='0' ind2='7' tag='650'><subfield code='a'>informatika</subfield><subfield code='7'>ph137095</subfield><subfield code='2'>czenas</subfield></datafield><datafield ind1='0' ind2='7' tag='650'><subfield code='a'>informační systémy</subfield><subfield code='7'>ph114774</subfield><subfield code='2'>czenas</subfield></datafield><datafield ind1=' ' ind2='7' tag='655'><subfield code='a'>monografie</subfield><subfield code='7'>fd132842</subfield><subfield code='2'>czenas</subfield></datafield><datafield ind1='1' ind2=' ' tag='700'><subfield code='a'>Pant, Kapil</subfield><subfield code='4'>aut</subfield></datafield><datafield ind1=' ' ind2=' ' tag='CAT'><subfield code='a'>BATELKOVA</subfield><subfield code='b'>20</subfield><subfield code='c'>20091208</subfield><subfield code='l'>CZU01</subfield><subfield code='h'>0936</subfield></datafield><datafield ind1=' ' ind2=' ' tag='CAT'><subfield code='a'>batch</subfield><subfield code='b'>00</subfield><subfield code='c'>20120323</subfield><subfield code='l'>CZU01</subfield><subfield code='h'>1720</subfield></datafield><datafield ind1=' ' ind2=' ' tag='910'><subfield code='a'>ABD026</subfield></datafield><datafield ind1='0' ind2=' ' tag='090'><subfield code='b'>1</subfield></datafield></record>