
<record><leader>00000namZa22ZZZZZ7aZ4500</leader><controlfield tag='001'>000058142</controlfield><controlfield tag='003'>CZ-PrCZU</controlfield><controlfield tag='005'>20091208090510.0</controlfield><controlfield tag='008'>090722s2009----nyu-----------000-0-eng--</controlfield><datafield ind1=' ' ind2=' ' tag='020'><subfield code='a'>9783642026737 (softcover : alk. paper)</subfield></datafield><datafield ind1=' ' ind2=' ' tag='020'><subfield code='a'>3642026737 (softcover : alk. paper)</subfield></datafield><datafield ind1=' ' ind2=' ' tag='040'><subfield code='a'>DLC</subfield><subfield code='c'>DLC</subfield><subfield code='d'>ABD026</subfield></datafield><datafield ind1=' ' ind2='7' tag='072'><subfield code='a'>007</subfield><subfield code='x'>Teorie systémů. Automatické systémy. Informační systémy. Kybernetika</subfield><subfield code='2'>Konspekt</subfield><subfield code='9'>23</subfield></datafield><datafield ind1='0' ind2='0' tag='245'><subfield code='a'>Model driven architecture - foundations and applications :</subfield><subfield code='b'>5th European conference, ECMDA-FA 2009, Enschede, The Netherlands, June 23-26, 2009. proceedings /</subfield><subfield code='c'>[edited by] Richard F. Paige, Alan Hartman, Arend Rensink.</subfield></datafield><datafield ind1=' ' ind2=' ' tag='250'><subfield code='a'>1st ed.</subfield></datafield><datafield ind1=' ' ind2=' ' tag='260'><subfield code='a'>New York :</subfield><subfield code='b'>Springer,</subfield><subfield code='c'>2009.</subfield></datafield><datafield ind1=' ' ind2=' ' tag='300'><subfield code='a'>336 s.</subfield></datafield><datafield ind1='0' ind2=' ' tag='490'><subfield code='a'>Lecture notes in computer science ;</subfield><subfield code='v'>5562</subfield></datafield><datafield ind1='0' ind2='7' tag='650'><subfield code='a'>informatika</subfield><subfield code='7'>ph137095</subfield><subfield code='2'>czenas</subfield></datafield><datafield ind1='0' ind2='7' tag='650'><subfield code='a'>informační systémy</subfield><subfield code='7'>ph114774</subfield><subfield code='2'>czenas</subfield></datafield><datafield ind1=' ' ind2='7' tag='655'><subfield code='a'>sborníky</subfield><subfield code='7'>fd163935</subfield><subfield code='2'>czenas</subfield></datafield><datafield ind1=' ' ind2=' ' tag='CAT'><subfield code='a'>BATELKOVA</subfield><subfield code='b'>20</subfield><subfield code='c'>20091208</subfield><subfield code='l'>CZU01</subfield><subfield code='h'>0905</subfield></datafield><datafield ind1=' ' ind2=' ' tag='CAT'><subfield code='a'>batch</subfield><subfield code='b'>00</subfield><subfield code='c'>20120323</subfield><subfield code='l'>CZU01</subfield><subfield code='h'>1720</subfield></datafield><datafield ind1=' ' ind2=' ' tag='910'><subfield code='a'>ABD026</subfield></datafield><datafield ind1=' ' ind2=' ' tag='SID'><subfield code='a'>Z39</subfield><subfield code='b'>LOC</subfield></datafield><datafield ind1='0' ind2=' ' tag='090'><subfield code='b'>1</subfield></datafield></record>