
<record><leader>00000namZa22ZZZZZ7aZ4500</leader><controlfield tag='001'>000058132</controlfield><controlfield tag='003'>CZ-PrCZU</controlfield><controlfield tag='005'>20091207140444.0</controlfield><controlfield tag='007'>ta</controlfield><controlfield tag='008'>071023s2007----xxua---frbi---000-0-eng-d</controlfield><datafield ind1=' ' ind2=' ' tag='020'><subfield code='a'>978-0-470-05342-3 (brož.)</subfield></datafield><datafield ind1=' ' ind2=' ' tag='040'><subfield code='a'>ABA006</subfield><subfield code='b'>cze</subfield><subfield code='c'>ABA006</subfield><subfield code='d'>ABA006</subfield><subfield code='d'>ABD026</subfield></datafield><datafield ind1=' ' ind2='7' tag='072'><subfield code='a'>004.4/.6</subfield><subfield code='x'>Programové vybavení. Programové prostředky</subfield><subfield code='2'>Konspekt</subfield><subfield code='9'>23</subfield></datafield><datafield ind1=' ' ind2=' ' tag='080'><subfield code='a'>004.5</subfield><subfield code='2'>MRF</subfield></datafield><datafield ind1=' ' ind2=' ' tag='080'><subfield code='a'>004.514</subfield><subfield code='2'>MRF</subfield></datafield><datafield ind1=' ' ind2=' ' tag='080'><subfield code='a'>004.38-027.22</subfield><subfield code='2'>MRF</subfield></datafield><datafield ind1='1' ind2=' ' tag='100'><subfield code='a'>Galitz, Wilbert O.,</subfield><subfield code='d'>1936-</subfield><subfield code='7'>vse2008429919</subfield><subfield code='4'>aut</subfield></datafield><datafield ind1='1' ind2='4' tag='245'><subfield code='a'>The essential guide to user interface design :</subfield><subfield code='b'>an introduction to GUI design principles and techniques /</subfield><subfield code='c'>Wilbert O. Galitz</subfield></datafield><datafield ind1=' ' ind2=' ' tag='250'><subfield code='a'>3rd ed.</subfield></datafield><datafield ind1=' ' ind2=' ' tag='260'><subfield code='a'>Indianapolis :</subfield><subfield code='b'>Wiley,</subfield><subfield code='c'>c2007</subfield></datafield><datafield ind1=' ' ind2=' ' tag='300'><subfield code='a'>xxvii, 857 s. :</subfield><subfield code='b'>il.</subfield></datafield><datafield ind1=' ' ind2=' ' tag='504'><subfield code='a'>Obsahuje bibliografické odkazy a rejstřík</subfield></datafield><datafield ind1='0' ind2='7' tag='650'><subfield code='a'>uživatelská rozhraní</subfield><subfield code='7'>ph126971</subfield><subfield code='2'>czenas</subfield></datafield><datafield ind1='0' ind2='7' tag='650'><subfield code='a'>grafická uživatelská rozhraní</subfield><subfield code='7'>ph278590</subfield><subfield code='2'>czenas</subfield></datafield><datafield ind1='0' ind2='7' tag='650'><subfield code='a'>interakce člověk-počítač</subfield><subfield code='7'>ph121144</subfield><subfield code='2'>czenas</subfield></datafield><datafield ind1='0' ind2='7' tag='650'><subfield code='a'>práce s počítačem</subfield><subfield code='7'>ph115909</subfield><subfield code='2'>czenas</subfield></datafield><datafield ind1='0' ind2='9' tag='650'><subfield code='a'>user interfaces</subfield><subfield code='2'>eczenas</subfield></datafield><datafield ind1='0' ind2='9' tag='650'><subfield code='a'>graphical user interfaces</subfield><subfield code='2'>eczenas</subfield></datafield><datafield ind1='0' ind2='9' tag='650'><subfield code='a'>human-computer interaction</subfield><subfield code='2'>eczenas</subfield></datafield><datafield ind1='0' ind2='9' tag='650'><subfield code='a'>using personal computers</subfield><subfield code='2'>eczenas</subfield></datafield><datafield ind1=' ' ind2='7' tag='655'><subfield code='a'>příručky</subfield><subfield code='7'>fd133209</subfield><subfield code='2'>czenas</subfield></datafield><datafield ind1=' ' ind2=' ' tag='CAT'><subfield code='a'>BATELKOVA</subfield><subfield code='b'>20</subfield><subfield code='c'>20091207</subfield><subfield code='l'>CZU01</subfield><subfield code='h'>1404</subfield></datafield><datafield ind1=' ' ind2=' ' tag='CAT'><subfield code='a'>batch</subfield><subfield code='b'>00</subfield><subfield code='c'>20120323</subfield><subfield code='l'>CZU01</subfield><subfield code='h'>1720</subfield></datafield><datafield ind1=' ' ind2=' ' tag='910'><subfield code='a'>ABD026</subfield></datafield><datafield ind1=' ' ind2=' ' tag='900'><subfield code='a'>ABA006</subfield><subfield code='b'>16</subfield></datafield><datafield ind1=' ' ind2=' ' tag='998'><subfield code='a'>003475942</subfield></datafield><datafield ind1=' ' ind2=' ' tag='SID'><subfield code='a'>Z39</subfield><subfield code='b'>SKC-Z-SN</subfield></datafield><datafield ind1='0' ind2=' ' tag='090'><subfield code='b'>1</subfield></datafield></record>