
<record><leader>00000namZa22ZZZZZ7aZ4500</leader><controlfield tag='001'>000058130</controlfield><controlfield tag='003'>CZ-PrCZU</controlfield><controlfield tag='005'>20091207140028.0</controlfield><controlfield tag='008'>050603s2006----flua-----b----001-0-eng--</controlfield><datafield ind1=' ' ind2=' ' tag='020'><subfield code='a'>9780849327230</subfield></datafield><datafield ind1=' ' ind2=' ' tag='020'><subfield code='a'>0849327237</subfield></datafield><datafield ind1=' ' ind2=' ' tag='040'><subfield code='a'>DLC</subfield><subfield code='c'>DLC</subfield><subfield code='d'>DLC</subfield><subfield code='d'>ABD026</subfield></datafield><datafield ind1=' ' ind2=' ' tag='042'><subfield code='a'>pcc</subfield></datafield><datafield ind1='0' ind2='0' tag='050'><subfield code='a'>HD30.2</subfield><subfield code='b'>.R52 2006</subfield></datafield><datafield ind1='1' ind2=' ' tag='100'><subfield code='a'>Rhem, Anthony J.</subfield></datafield><datafield ind1='1' ind2='0' tag='245'><subfield code='a'>UML for developing knowledge management systems /</subfield><subfield code='c'>Anthony J. Rhem.</subfield></datafield><datafield ind1=' ' ind2=' ' tag='260'><subfield code='a'>Boca Raton, FL :</subfield><subfield code='b'>Auerbach,</subfield><subfield code='c'>2006.</subfield></datafield><datafield ind1=' ' ind2=' ' tag='300'><subfield code='a'>xviii, 269 s. :</subfield><subfield code='b'>il. ;</subfield><subfield code='c'>25 cm.</subfield></datafield><datafield ind1=' ' ind2=' ' tag='504'><subfield code='a'>Obsahuje bibliografii a rejstřík</subfield></datafield><datafield ind1=' ' ind2='0' tag='650'><subfield code='a'>Knowledge management</subfield><subfield code='x'>Data processing.</subfield></datafield><datafield ind1=' ' ind2='0' tag='650'><subfield code='a'>UML (Computer science)</subfield></datafield><datafield ind1=' ' ind2=' ' tag='CAT'><subfield code='a'>BATELKOVA</subfield><subfield code='b'>20</subfield><subfield code='c'>20091207</subfield><subfield code='l'>CZU01</subfield><subfield code='h'>1400</subfield></datafield><datafield ind1=' ' ind2=' ' tag='CAT'><subfield code='a'>batch</subfield><subfield code='b'>00</subfield><subfield code='c'>20120323</subfield><subfield code='l'>CZU01</subfield><subfield code='h'>1720</subfield></datafield><datafield ind1=' ' ind2=' ' tag='910'><subfield code='a'>ABD026</subfield></datafield><datafield ind1=' ' ind2=' ' tag='SID'><subfield code='a'>Z39</subfield><subfield code='b'>LOC</subfield></datafield><datafield ind1='0' ind2=' ' tag='090'><subfield code='b'>1</subfield></datafield></record>