
<record><leader>00000namZa22ZZZZZ7aZ4500</leader><controlfield tag='001'>000058129</controlfield><controlfield tag='003'>CZ-PrCZU</controlfield><controlfield tag='005'>20091207131202.0</controlfield><controlfield tag='008'>091207s1992----xxka---f-----|||1-0-cze-d</controlfield><datafield ind1=' ' ind2=' ' tag='020'><subfield code='a'>978-0-262-11170-6</subfield></datafield><datafield ind1=' ' ind2=' ' tag='040'><subfield code='a'>ABD026</subfield><subfield code='b'>cze</subfield></datafield><datafield ind1='0' ind2='0' tag='050'><subfield code='a'>QA76.6</subfield><subfield code='b'>.K695 1992</subfield></datafield><datafield ind1=' ' ind2='7' tag='072'><subfield code='a'>004.8</subfield><subfield code='x'>Umělá inteligence</subfield><subfield code='2'>Konspekt</subfield><subfield code='9'>23</subfield></datafield><datafield ind1=' ' ind2=' ' tag='080'><subfield code='a'>004.8:510.5</subfield><subfield code='2'>MRF</subfield></datafield><datafield ind1=' ' ind2=' ' tag='080'><subfield code='a'>004.42</subfield><subfield code='2'>MRF</subfield></datafield><datafield ind1='1' ind2=' ' tag='100'><subfield code='a'>Koza, John R.</subfield><subfield code='7'>xx0006805</subfield><subfield code='4'>aut</subfield></datafield><datafield ind1='1' ind2='0' tag='245'><subfield code='a'>Genetic programming :</subfield><subfield code='b'>on the programming of computers by means of natural selection /</subfield><subfield code='c'>John R. Koza</subfield></datafield><datafield ind1=' ' ind2=' ' tag='260'><subfield code='a'>Cambridge, Mass. ;</subfield><subfield code='a'>London :</subfield><subfield code='b'>MIT,</subfield><subfield code='c'>c1992.</subfield></datafield><datafield ind1=' ' ind2=' ' tag='300'><subfield code='a'>xiv, 819 s. :</subfield><subfield code='b'>il. ;</subfield><subfield code='c'>26cm.</subfield></datafield><datafield ind1=' ' ind2=' ' tag='504'><subfield code='a'>Obsahuje bibliografii a rejstřík</subfield></datafield><datafield ind1='0' ind2='7' tag='650'><subfield code='a'>genetické algoritmy</subfield><subfield code='7'>ph120485</subfield><subfield code='2'>czenas</subfield></datafield><datafield ind1='0' ind2='7' tag='650'><subfield code='a'>evoluční algoritmy</subfield><subfield code='7'>ph171358</subfield><subfield code='2'>czenas</subfield></datafield><datafield ind1=' ' ind2='7' tag='655'><subfield code='a'>příručky</subfield><subfield code='7'>fd133209</subfield><subfield code='2'>czenas</subfield></datafield><datafield ind1=' ' ind2=' ' tag='CAT'><subfield code='a'>NEMECKOVA</subfield><subfield code='b'>20</subfield><subfield code='c'>20091207</subfield><subfield code='l'>CZU01</subfield><subfield code='h'>1116</subfield></datafield><datafield ind1=' ' ind2=' ' tag='CAT'><subfield code='a'>NEMECKOVA</subfield><subfield code='b'>20</subfield><subfield code='c'>20091207</subfield><subfield code='l'>CZU01</subfield><subfield code='h'>1312</subfield></datafield><datafield ind1=' ' ind2=' ' tag='CAT'><subfield code='a'>batch</subfield><subfield code='b'>00</subfield><subfield code='c'>20120323</subfield><subfield code='l'>CZU01</subfield><subfield code='h'>1720</subfield></datafield><datafield ind1=' ' ind2=' ' tag='910'><subfield code='a'>ABD026</subfield></datafield><datafield ind1='0' ind2=' ' tag='090'><subfield code='b'>1</subfield></datafield></record>