
<record><leader>00000aamZa22ZZZZZ7aZ4500</leader><controlfield tag='001'>000058128</controlfield><controlfield tag='003'>CZ-PrCZU</controlfield><controlfield tag='005'>20091207105100.0</controlfield><controlfield tag='008'>071126s2006----xxua---f-----|--1---eng--</controlfield><datafield ind1=' ' ind2=' ' tag='020'><subfield code='a'>1-59858-181-3 (brož.) :</subfield><subfield code='c'>Kč 1029,10</subfield></datafield><datafield ind1=' ' ind2=' ' tag='040'><subfield code='a'>OSD002</subfield><subfield code='d'>ABD026</subfield><subfield code='b'>cze</subfield></datafield><datafield ind1=' ' ind2='7' tag='072'><subfield code='a'>004.4/.6</subfield><subfield code='x'>Programové vybavení. Programové prostředky</subfield><subfield code='2'>Konspekt</subfield><subfield code='9'>23</subfield></datafield><datafield ind1=' ' ind2=' ' tag='080'><subfield code='a'>004.4</subfield><subfield code='2'>MRF</subfield></datafield><datafield ind1=' ' ind2=' ' tag='080'><subfield code='a'>004.5</subfield><subfield code='2'>MRF</subfield></datafield><datafield ind1='1' ind2=' ' tag='100'><subfield code='a'>Smith, Scott T.,</subfield><subfield code='d'>1973-</subfield><subfield code='4'>aut</subfield></datafield><datafield ind1='1' ind2='0' tag='245'><subfield code='a'>MATLAB :</subfield><subfield code='b'>advanced GUI development /</subfield><subfield code='c'>Scott T. Smith</subfield></datafield><datafield ind1=' ' ind2=' ' tag='260'><subfield code='a'>Indianapolis :</subfield><subfield code='b'>Dog Ear Publishing,</subfield><subfield code='c'>c2006</subfield></datafield><datafield ind1=' ' ind2=' ' tag='300'><subfield code='a'>xv, 304 s. :</subfield><subfield code='b'>il.</subfield></datafield><datafield ind1=' ' ind2=' ' tag='500'><subfield code='a'>Bibliografie na s. 297</subfield></datafield><datafield ind1='0' ind2='7' tag='650'><subfield code='a'>MATLAB</subfield><subfield code='7'>ph117047</subfield><subfield code='2'>czenas</subfield></datafield><datafield ind1=' ' ind2=' ' tag='CAT'><subfield code='a'>NEMECKOVA</subfield><subfield code='b'>20</subfield><subfield code='c'>20091207</subfield><subfield code='l'>CZU01</subfield><subfield code='h'>1051</subfield></datafield><datafield ind1=' ' ind2=' ' tag='CAT'><subfield code='a'>batch</subfield><subfield code='b'>00</subfield><subfield code='c'>20120323</subfield><subfield code='l'>CZU01</subfield><subfield code='h'>1720</subfield></datafield><datafield ind1=' ' ind2=' ' tag='910'><subfield code='a'>ABD026</subfield></datafield><datafield ind1=' ' ind2=' ' tag='900'><subfield code='a'>OSD002</subfield><subfield code='b'>13</subfield></datafield><datafield ind1=' ' ind2=' ' tag='998'><subfield code='a'>003410819</subfield></datafield><datafield ind1=' ' ind2=' ' tag='SID'><subfield code='a'>Z39</subfield><subfield code='b'>SKC-Z-SN</subfield></datafield><datafield ind1='0' ind2=' ' tag='090'><subfield code='b'>1</subfield></datafield></record>