
<record><leader>00000namZa22ZZZZZ7aZ4500</leader><controlfield tag='001'>000058047</controlfield><controlfield tag='003'>CZ-PrCZU</controlfield><controlfield tag='005'>20120627103829.0</controlfield><controlfield tag='008'>050201s2001----xxu----f------------eng--</controlfield><datafield ind1=' ' ind2=' ' tag='020'><subfield code='a'>0-262-11255-8 :</subfield><subfield code='c'>2265,10 Kč</subfield></datafield><datafield ind1=' ' ind2=' ' tag='040'><subfield code='a'>ABB076</subfield><subfield code='d'>ABD026</subfield></datafield><datafield ind1=' ' ind2=' ' tag='080'><subfield code='a'>004.032.26</subfield></datafield><datafield ind1=' ' ind2=' ' tag='080'><subfield code='a'>004.8</subfield></datafield><datafield ind1='1' ind2=' ' tag='100'><subfield code='a'>Kecman, Vojislav,</subfield><subfield code='d'>1948-</subfield><subfield code='7'>xx0048244</subfield></datafield><datafield ind1='1' ind2='0' tag='245'><subfield code='a'>Learning and soft computing :</subfield><subfield code='b'>support vector machines, neural networks, and fuzzy logic models /</subfield><subfield code='c'>Vojislav Kecman</subfield></datafield><datafield ind1=' ' ind2=' ' tag='260'><subfield code='a'>Cambridge :</subfield><subfield code='b'>MIT Press,</subfield><subfield code='c'>2001</subfield></datafield><datafield ind1=' ' ind2=' ' tag='300'><subfield code='a'>viii-xxxii, 5416 s. +</subfield><subfield code='e'>bibliografie, rejstřík</subfield></datafield><datafield ind1='0' ind2=' ' tag='490'><subfield code='a'>Complex adaptive systems</subfield></datafield><datafield ind1=' ' ind2='7' tag='650'><subfield code='a'>soft computing</subfield><subfield code='7'>ph201888</subfield><subfield code='2'>czenas</subfield></datafield><datafield ind1=' ' ind2=' ' tag='CAT'><subfield code='a'>BATELKOVA</subfield><subfield code='b'>20</subfield><subfield code='c'>20091127</subfield><subfield code='l'>CZU01</subfield><subfield code='h'>1002</subfield></datafield><datafield ind1=' ' ind2=' ' tag='CAT'><subfield code='a'>batch</subfield><subfield code='b'>00</subfield><subfield code='c'>20120323</subfield><subfield code='l'>CZU01</subfield><subfield code='h'>1719</subfield></datafield><datafield ind1=' ' ind2=' ' tag='CAT'><subfield code='a'>KULHAVA</subfield><subfield code='b'>20</subfield><subfield code='c'>20120627</subfield><subfield code='l'>CZU01</subfield><subfield code='h'>1038</subfield></datafield><datafield ind1=' ' ind2=' ' tag='910'><subfield code='a'>ABD026</subfield></datafield><datafield ind1=' ' ind2=' ' tag='SID'><subfield code='a'>Z39</subfield><subfield code='b'>SKC-Z-SN</subfield></datafield><datafield ind1='0' ind2=' ' tag='090'><subfield code='b'>1</subfield></datafield></record>