
<record><leader>00000namZa22ZZZZZ7aZ4500</leader><controlfield tag='001'>000058042</controlfield><controlfield tag='003'>CZ-PrCZU</controlfield><controlfield tag='005'>20130325131318.0</controlfield><controlfield tag='008'>020712s2009----xxu----e------------eng--</controlfield><datafield ind1=' ' ind2=' ' tag='020'><subfield code='a'>0-13-091449-5 (váz.)</subfield></datafield><datafield ind1=' ' ind2=' ' tag='040'><subfield code='a'>PND003</subfield><subfield code='b'>cze</subfield><subfield code='d'>ABD026</subfield></datafield><datafield ind1=' ' ind2=' ' tag='080'><subfield code='a'>681.31</subfield><subfield code='2'>MRF-sel</subfield></datafield><datafield ind1='1' ind2=' ' tag='100'><subfield code='a'>Comer, Douglas E.,</subfield><subfield code='d'>1949-</subfield><subfield code='4'>aut</subfield></datafield><datafield ind1='1' ind2='0' tag='245'><subfield code='a'>Computer networks and Internets :</subfield><subfield code='b'>with Internet applications /</subfield><subfield code='c'>Douglas E. Comer</subfield></datafield><datafield ind1=' ' ind2=' ' tag='250'><subfield code='a'>5th ed</subfield></datafield><datafield ind1=' ' ind2=' ' tag='260'><subfield code='a'>Upper Saddle River :</subfield><subfield code='b'>Prentice Hall,</subfield><subfield code='c'>c2009</subfield></datafield><datafield ind1=' ' ind2=' ' tag='300'><subfield code='a'>xxviii, 683 s. :</subfield><subfield code='b'>il. ;</subfield><subfield code='c'>24 cm +</subfield><subfield code='e'>1 elektronický optický disk (CD ROM)</subfield></datafield><datafield ind1=' ' ind2=' ' tag='500'><subfield code='a'>Poznámky</subfield></datafield><datafield ind1=' ' ind2=' ' tag='504'><subfield code='a'>Obsahuje bibliografii a rejstřík</subfield></datafield><datafield ind1=' ' ind2='7' tag='650'><subfield code='a'>počítačové sítě</subfield><subfield code='7'>ph115867</subfield><subfield code='2'>czenas</subfield></datafield><datafield ind1=' ' ind2=' ' tag='CAT'><subfield code='a'>BATELKOVA</subfield><subfield code='b'>20</subfield><subfield code='c'>20091127</subfield><subfield code='l'>CZU01</subfield><subfield code='h'>0911</subfield></datafield><datafield ind1=' ' ind2=' ' tag='CAT'><subfield code='a'>BATELKOVA</subfield><subfield code='b'>20</subfield><subfield code='c'>20091127</subfield><subfield code='l'>CZU01</subfield><subfield code='h'>0911</subfield></datafield><datafield ind1=' ' ind2=' ' tag='CAT'><subfield code='a'>batch</subfield><subfield code='b'>00</subfield><subfield code='c'>20120323</subfield><subfield code='l'>CZU01</subfield><subfield code='h'>1719</subfield></datafield><datafield ind1=' ' ind2=' ' tag='CAT'><subfield code='a'>KULHAVA</subfield><subfield code='b'>20</subfield><subfield code='c'>20120914</subfield><subfield code='l'>CZU01</subfield><subfield code='h'>1024</subfield></datafield><datafield ind1=' ' ind2=' ' tag='CAT'><subfield code='a'>KULHAVA</subfield><subfield code='b'>20</subfield><subfield code='c'>20130325</subfield><subfield code='l'>CZU01</subfield><subfield code='h'>1313</subfield></datafield><datafield ind1=' ' ind2=' ' tag='910'><subfield code='a'>ABD026</subfield></datafield><datafield ind1=' ' ind2=' ' tag='SID'><subfield code='a'>Z39</subfield><subfield code='b'>SKC-Z</subfield></datafield><datafield ind1='0' ind2=' ' tag='090'><subfield code='b'>1</subfield></datafield></record>