
<record><leader>00000aamZa22ZZZZZ7aZ4500</leader><controlfield tag='001'>000058030</controlfield><controlfield tag='003'>CZ-PrCZU</controlfield><controlfield tag='005'>20121001124230.0</controlfield><controlfield tag='008'>040511s1989----xxua---f--------1---eng--</controlfield><datafield ind1=' ' ind2=' ' tag='020'><subfield code='a'>0-201-15767-5</subfield></datafield><datafield ind1=' ' ind2=' ' tag='040'><subfield code='b'>cze</subfield></datafield><datafield ind1=' ' ind2=' ' tag='040'><subfield code='a'>PND008</subfield><subfield code='d'>ABD026</subfield><subfield code='b'>cze</subfield></datafield><datafield ind1='0' ind2='0' tag='050'><subfield code='a'>QA402.5</subfield><subfield code='b'>.G635 1989</subfield></datafield><datafield ind1=' ' ind2='7' tag='072'><subfield code='a'>519</subfield><subfield code='x'>Kombinatorika. Teorie grafů. Operační výzkum</subfield><subfield code='2'>Konspekt</subfield><subfield code='9'>13</subfield></datafield><datafield ind1=' ' ind2=' ' tag='080'><subfield code='a'>519.7</subfield><subfield code='2'>MRF-sel</subfield></datafield><datafield ind1=' ' ind2=' ' tag='080'><subfield code='a'>004</subfield><subfield code='2'>MRF-sel</subfield></datafield><datafield ind1='1' ind2=' ' tag='100'><subfield code='a'>Goldberg, David Edward,</subfield><subfield code='d'>1953-</subfield><subfield code='7'>skuk0002684</subfield><subfield code='4'>aut</subfield></datafield><datafield ind1='1' ind2='0' tag='245'><subfield code='a'>Genetic algorithms in search, optimization, and machine learning /</subfield><subfield code='c'>David E. Goldberg</subfield></datafield><datafield ind1=' ' ind2=' ' tag='260'><subfield code='a'>Boston :</subfield><subfield code='b'>Addison-Wesley,</subfield><subfield code='c'>c1989</subfield></datafield><datafield ind1=' ' ind2=' ' tag='300'><subfield code='a'>xiii, 412 s. :</subfield><subfield code='b'>il.</subfield></datafield><datafield ind1=' ' ind2=' ' tag='504'><subfield code='a'>Obsahuje bibliografii a rejstřík</subfield></datafield><datafield ind1=' ' ind2='7' tag='650'><subfield code='a'>genetické algoritmy</subfield><subfield code='7'>ph120485</subfield><subfield code='2'>czenas</subfield></datafield><datafield ind1='0' ind2='7' tag='650'><subfield code='a'>strojové učení</subfield><subfield code='7'>ph126143</subfield><subfield code='2'>czenas</subfield></datafield><datafield ind1='0' ind2='7' tag='650'><subfield code='a'>algoritmy</subfield><subfield code='7'>ph114026</subfield><subfield code='2'>czenas</subfield></datafield><datafield ind1='0' ind2='7' tag='650'><subfield code='a'>matematické modelování</subfield><subfield code='7'>ph115240</subfield><subfield code='2'>czenas</subfield></datafield><datafield ind1=' ' ind2='4' tag='655'><subfield code='a'>příručka</subfield></datafield><datafield ind1=' ' ind2=' ' tag='CAT'><subfield code='a'>NEMECKOVA</subfield><subfield code='b'>20</subfield><subfield code='c'>20091126</subfield><subfield code='l'>CZU01</subfield><subfield code='h'>0952</subfield></datafield><datafield ind1=' ' ind2=' ' tag='CAT'><subfield code='a'>NEMECKOVA</subfield><subfield code='b'>20</subfield><subfield code='c'>20091126</subfield><subfield code='l'>CZU01</subfield><subfield code='h'>0953</subfield></datafield><datafield ind1=' ' ind2=' ' tag='CAT'><subfield code='a'>batch</subfield><subfield code='b'>00</subfield><subfield code='c'>20120323</subfield><subfield code='l'>CZU01</subfield><subfield code='h'>1719</subfield></datafield><datafield ind1=' ' ind2=' ' tag='CAT'><subfield code='a'>KULHAVA</subfield><subfield code='b'>20</subfield><subfield code='c'>20121001</subfield><subfield code='l'>CZU01</subfield><subfield code='h'>1242</subfield></datafield><datafield ind1=' ' ind2=' ' tag='910'><subfield code='a'>ABD026</subfield></datafield><datafield ind1=' ' ind2=' ' tag='SID'><subfield code='a'>Z39</subfield><subfield code='b'>SKC-Z-SN</subfield></datafield><datafield ind1='0' ind2=' ' tag='090'><subfield code='b'>1</subfield></datafield></record>