
<record><leader>00000namZa22ZZZZZ7aZ4500</leader><controlfield tag='001'>000058018</controlfield><controlfield tag='003'>CZ-PrCZU</controlfield><controlfield tag='005'>20120726102616.0</controlfield><controlfield tag='007'>ta</controlfield><controlfield tag='008'>090511s2009----xr-a---e-f----001-0-cze--</controlfield><datafield ind1=' ' ind2=' ' tag='020'><subfield code='a'>978-80-251-2337-9 (brož.)</subfield></datafield><datafield ind1=' ' ind2=' ' tag='035'><subfield code='a'>(OCoLC)428368063</subfield></datafield><datafield ind1=' ' ind2=' ' tag='040'><subfield code='b'>cze</subfield></datafield><datafield ind1=' ' ind2=' ' tag='040'><subfield code='a'>OLA001</subfield><subfield code='b'>cze</subfield><subfield code='d'>ABA001</subfield><subfield code='d'>ABD026</subfield></datafield><datafield ind1='1' ind2=' ' tag='041'><subfield code='a'>cze</subfield><subfield code='h'>eng</subfield></datafield><datafield ind1=' ' ind2='7' tag='072'><subfield code='a'>004.9</subfield><subfield code='x'>Speciální počítačové metody. Počítačová grafika</subfield><subfield code='2'>Konspekt</subfield><subfield code='9'>23</subfield></datafield><datafield ind1=' ' ind2=' ' tag='080'><subfield code='a'>004.42Photoshop</subfield><subfield code='2'>MRF</subfield></datafield><datafield ind1=' ' ind2=' ' tag='080'><subfield code='a'>004.932.4</subfield><subfield code='2'>MRF</subfield></datafield><datafield ind1=' ' ind2=' ' tag='080'><subfield code='a'>004.932</subfield><subfield code='2'>MRF</subfield></datafield><datafield ind1=' ' ind2=' ' tag='080'><subfield code='a'>(035)</subfield><subfield code='2'>MRF</subfield></datafield><datafield ind1='0' ind2='0' tag='245'><subfield code='a'>Adobe Photoshop CS4 :</subfield><subfield code='b'>oficiální výukový kurz /</subfield><subfield code='c'>Adobe Creative Team ; [překlad Radim Pekárek]</subfield></datafield><datafield ind1=' ' ind2=' ' tag='250'><subfield code='a'>Vyd. 1.</subfield></datafield><datafield ind1=' ' ind2=' ' tag='260'><subfield code='a'>Brno :</subfield><subfield code='b'>Computer Press,</subfield><subfield code='c'>2009</subfield></datafield><datafield ind1=' ' ind2=' ' tag='300'><subfield code='a'>424 s. :</subfield><subfield code='b'>barev. il. ;</subfield><subfield code='c'>23 cm +</subfield><subfield code='e'>1 CD-ROM</subfield></datafield><datafield ind1=' ' ind2=' ' tag='500'><subfield code='a'>Přeloženo z angličtiny</subfield></datafield><datafield ind1=' ' ind2=' ' tag='500'><subfield code='a'>Obsahuje rejstřík</subfield></datafield><datafield ind1='0' ind2='7' tag='650'><subfield code='a'>Adobe Photoshop CS4</subfield><subfield code='7'>ph519309</subfield><subfield code='2'>czenas</subfield></datafield><datafield ind1='0' ind2='7' tag='650'><subfield code='a'>grafické editory</subfield><subfield code='7'>ph120591</subfield><subfield code='2'>czenas</subfield></datafield><datafield ind1='0' ind2='7' tag='650'><subfield code='a'>počítačové zpracování obrazu</subfield><subfield code='7'>ph171357</subfield><subfield code='2'>czenas</subfield></datafield><datafield ind1='0' ind2='9' tag='650'><subfield code='a'>Adobe Photoshop CS4</subfield><subfield code='2'>eczenas</subfield></datafield><datafield ind1='0' ind2='9' tag='650'><subfield code='a'>graphics editors</subfield><subfield code='2'>eczenas</subfield></datafield><datafield ind1='0' ind2='9' tag='650'><subfield code='a'>computer image processing</subfield><subfield code='2'>eczenas</subfield></datafield><datafield ind1=' ' ind2='7' tag='655'><subfield code='a'>příručky</subfield><subfield code='7'>fd133209</subfield><subfield code='2'>czenas</subfield></datafield><datafield ind1=' ' ind2='9' tag='655'><subfield code='a'>handbooks, manuals, etc</subfield><subfield code='2'>eczenas</subfield></datafield><datafield ind1='2' ind2=' ' tag='710'><subfield code='a'>Adobe Creative Team</subfield><subfield code='7'>pna2009497796</subfield></datafield><datafield ind1='0' ind2=' ' tag='765'><subfield code='t'>Adobe Photoshop CS4 classroom in a book</subfield><subfield code='9'>Česky</subfield></datafield><datafield ind1='4' ind2='1' tag='856'><subfield code='u'>http://toc.nkp.cz/NKC/200905/contents/nkc20091929173_1.pdf</subfield><subfield code='y'>Obsah</subfield><subfield code='4'>N</subfield></datafield><datafield ind1=' ' ind2=' ' tag='CAT'><subfield code='a'>NEMECKOVA</subfield><subfield code='b'>20</subfield><subfield code='c'>20091125</subfield><subfield code='l'>CZU01</subfield><subfield code='h'>1308</subfield></datafield><datafield ind1=' ' ind2=' ' tag='CAT'><subfield code='a'>batch</subfield><subfield code='b'>00</subfield><subfield code='c'>20120323</subfield><subfield code='l'>CZU01</subfield><subfield code='h'>1719</subfield></datafield><datafield ind1=' ' ind2=' ' tag='CAT'><subfield code='a'>KULHAVA</subfield><subfield code='b'>20</subfield><subfield code='c'>20120726</subfield><subfield code='l'>CZU01</subfield><subfield code='h'>1026</subfield></datafield><datafield ind1=' ' ind2=' ' tag='910'><subfield code='a'>ABD026</subfield></datafield><datafield ind1=' ' ind2=' ' tag='SID'><subfield code='a'>Z39</subfield><subfield code='b'>SKC-Z-SN</subfield></datafield><datafield ind1='0' ind2=' ' tag='090'><subfield code='b'>1</subfield></datafield></record>