
<record><leader>00000namZa22ZZZZZ7aZ4500</leader><controlfield tag='001'>000057982</controlfield><controlfield tag='003'>CZ-PrCZU</controlfield><controlfield tag='005'>20130326075939.0</controlfield><controlfield tag='008'>090917-2009----ne-a---f------0-1---eng--</controlfield><datafield ind1=' ' ind2=' ' tag='020'><subfield code='a'>978-0-12-374765-5</subfield></datafield><datafield ind1=' ' ind2=' ' tag='035'><subfield code='a'>107379</subfield></datafield><datafield ind1=' ' ind2=' ' tag='040'><subfield code='a'>ABD026</subfield><subfield code='b'>cze</subfield></datafield><datafield ind1=' ' ind2='7' tag='072'><subfield code='a'>004.4/.6</subfield><subfield code='x'>Programové vybavení. Programové prostředky</subfield><subfield code='2'>Konspekt</subfield><subfield code='9'>23</subfield></datafield><datafield ind1=' ' ind2=' ' tag='080'><subfield code='a'>004.659</subfield><subfield code='2'>MRF</subfield></datafield><datafield ind1=' ' ind2=' ' tag='080'><subfield code='a'>519.23/.24</subfield><subfield code='2'>MRF</subfield></datafield><datafield ind1='1' ind2=' ' tag='100'><subfield code='a'>Nisbet, Robert,</subfield><subfield code='d'>1941-</subfield><subfield code='7'>kup20030000116092</subfield></datafield><datafield ind1='1' ind2='0' tag='245'><subfield code='a'>Handbook of statistical analysis and data mining applications /</subfield><subfield code='c'>Robert Nisbet, John Elder, Gary Miner</subfield></datafield><datafield ind1=' ' ind2=' ' tag='250'><subfield code='a'>[1st ed.]</subfield></datafield><datafield ind1=' ' ind2=' ' tag='260'><subfield code='a'>Amsterdam, NL</subfield><subfield code='b'>Elsevier</subfield><subfield code='c'>2009</subfield></datafield><datafield ind1=' ' ind2=' ' tag='300'><subfield code='a'>xxxiv, 824 s. :</subfield><subfield code='b'>il.</subfield></datafield><datafield ind1=' ' ind2=' ' tag='504'><subfield code='a'>Obsahuje bibliografii a rejstřík</subfield></datafield><datafield ind1='0' ind2='7' tag='650'><subfield code='a'>statistické metody</subfield><subfield code='7'>ph135431</subfield><subfield code='2'>czenas</subfield></datafield><datafield ind1='0' ind2='7' tag='650'><subfield code='a'>dolování dat</subfield><subfield code='7'>ph165954</subfield><subfield code='2'>czenas</subfield></datafield><datafield ind1=' ' ind2='4' tag='655'><subfield code='a'>příručka</subfield></datafield><datafield ind1='1' ind2=' ' tag='700'><subfield code='a'>Elder, John,</subfield><subfield code='d'>1949-</subfield><subfield code='7'>skuk0002354</subfield><subfield code='4'>aut</subfield></datafield><datafield ind1='1' ind2=' ' tag='700'><subfield code='a'>Miner, Gary</subfield><subfield code='7'>vut2010439929</subfield><subfield code='4'>aut</subfield></datafield><datafield ind1=' ' ind2=' ' tag='CAT'><subfield code='a'>NEMECKOVA</subfield><subfield code='b'>20</subfield><subfield code='c'>20091119</subfield><subfield code='l'>CZU01</subfield><subfield code='h'>1256</subfield></datafield><datafield ind1=' ' ind2=' ' tag='CAT'><subfield code='a'>batch</subfield><subfield code='b'>00</subfield><subfield code='c'>20120323</subfield><subfield code='l'>CZU01</subfield><subfield code='h'>1719</subfield></datafield><datafield ind1=' ' ind2=' ' tag='CAT'><subfield code='a'>KULHAVA</subfield><subfield code='b'>20</subfield><subfield code='c'>20130326</subfield><subfield code='l'>CZU01</subfield><subfield code='h'>0759</subfield></datafield><datafield ind1=' ' ind2=' ' tag='910'><subfield code='a'>ABD026</subfield></datafield><datafield ind1=' ' ind2=' ' tag='SID'><subfield code='a'>Z39</subfield><subfield code='b'>JIB-Z-SN</subfield></datafield><datafield ind1='0' ind2=' ' tag='090'><subfield code='b'>1</subfield></datafield></record>