
<record><leader>00000aamZa22ZZZZZ7aZ4500</leader><controlfield tag='001'>000057978</controlfield><controlfield tag='003'>CZ-PrCZU</controlfield><controlfield tag='005'>20091119074543.0</controlfield><controlfield tag='008'>090406s2006----ne-a---er----|001-0-eng-d</controlfield><datafield ind1=' ' ind2=' ' tag='020'><subfield code='a'>0-12-369388-8</subfield><subfield code='z'>978-0-12-369388-4</subfield></datafield><datafield ind1=' ' ind2=' ' tag='040'><subfield code='b'>cze</subfield></datafield><datafield ind1=' ' ind2=' ' tag='040'><subfield code='a'>PND008</subfield><subfield code='d'>ABD026</subfield><subfield code='b'>cze</subfield></datafield><datafield ind1='0' ind2='0' tag='050'><subfield code='a'>Q338.85</subfield><subfield code='b'>.M84 2006</subfield></datafield><datafield ind1=' ' ind2='7' tag='072'><subfield code='a'>004.8</subfield><subfield code='x'>Umělá inteligence</subfield><subfield code='2'>Konspekt</subfield><subfield code='9'>23</subfield></datafield><datafield ind1=' ' ind2=' ' tag='080'><subfield code='a'>004.62</subfield><subfield code='2'>MRF</subfield></datafield><datafield ind1=' ' ind2=' ' tag='080'><subfield code='a'>004.8</subfield><subfield code='2'>MRF</subfield></datafield><datafield ind1='1' ind2=' ' tag='100'><subfield code='a'>Mueller, Erik T.</subfield><subfield code='4'>aut</subfield></datafield><datafield ind1='1' ind2='0' tag='245'><subfield code='a'>Commonsense reasoning /</subfield><subfield code='c'>Erik T. Mueller</subfield></datafield><datafield ind1=' ' ind2=' ' tag='260'><subfield code='a'>Amsterdam :</subfield><subfield code='b'>Elsevier :</subfield><subfield code='b'>Morgan Kaufmann Publishers,</subfield><subfield code='c'>c2006</subfield></datafield><datafield ind1=' ' ind2=' ' tag='300'><subfield code='a'>xxvi, 404 s. :</subfield><subfield code='b'>il.</subfield></datafield><datafield ind1=' ' ind2=' ' tag='504'><subfield code='a'>Obsahuje bibliografii a rejstřík</subfield></datafield><datafield ind1='0' ind2='7' tag='650'><subfield code='a'>umělá inteligence</subfield><subfield code='7'>ph116536</subfield><subfield code='2'>czenas</subfield></datafield><datafield ind1='0' ind2='7' tag='650'><subfield code='a'>zpracování dat</subfield><subfield code='7'>ph127675</subfield><subfield code='2'>czenas</subfield></datafield><datafield ind1='0' ind2=' ' tag='653'><subfield code='a'>symbolická logika</subfield><subfield code='a'>matematická logika</subfield></datafield><datafield ind1='0' ind2='7' tag='655'><subfield code='a'>učebnice</subfield><subfield code='2'>2czenas</subfield></datafield><datafield ind1=' ' ind2=' ' tag='CAT'><subfield code='a'>NEMECKOVA</subfield><subfield code='b'>20</subfield><subfield code='c'>20091119</subfield><subfield code='l'>CZU01</subfield><subfield code='h'>0745</subfield></datafield><datafield ind1=' ' ind2=' ' tag='CAT'><subfield code='a'>batch</subfield><subfield code='b'>00</subfield><subfield code='c'>20120323</subfield><subfield code='l'>CZU01</subfield><subfield code='h'>1719</subfield></datafield><datafield ind1=' ' ind2=' ' tag='910'><subfield code='a'>ABD026</subfield></datafield><datafield ind1=' ' ind2=' ' tag='900'><subfield code='a'>PND008</subfield><subfield code='b'>13</subfield></datafield><datafield ind1=' ' ind2=' ' tag='998'><subfield code='a'>003782756</subfield></datafield><datafield ind1=' ' ind2=' ' tag='SID'><subfield code='a'>Z39</subfield><subfield code='b'>SKC-Z-SN</subfield></datafield><datafield ind1='0' ind2=' ' tag='090'><subfield code='b'>1</subfield></datafield></record>