
<record><leader>00000namZa22ZZZZZ7aZ4500</leader><controlfield tag='001'>000057976</controlfield><controlfield tag='003'>CZ-PrCZU</controlfield><controlfield tag='005'>20120627102642.0</controlfield><controlfield tag='008'>091119s1999----xxua---f-----|0|1-0-eng-d</controlfield><datafield ind1=' ' ind2=' ' tag='020'><subfield code='a'>978-0-262-18190-7</subfield></datafield><datafield ind1=' ' ind2=' ' tag='040'><subfield code='a'>ABD026</subfield><subfield code='b'>cze</subfield></datafield><datafield ind1='0' ind2='0' tag='050'><subfield code='a'>QA76.87</subfield><subfield code='b'>.R44 1998</subfield></datafield><datafield ind1=' ' ind2='7' tag='072'><subfield code='a'>004</subfield><subfield code='x'>Počítačová věda. výpočetní technika. Informační technologie</subfield><subfield code='2'>Konspekt</subfield><subfield code='9'>23</subfield></datafield><datafield ind1=' ' ind2=' ' tag='080'><subfield code='a'>004.032.26</subfield><subfield code='2'>MRF</subfield></datafield><datafield ind1=' ' ind2=' ' tag='080'><subfield code='a'>004.62</subfield><subfield code='2'>MRF</subfield></datafield><datafield ind1='1' ind2=' ' tag='100'><subfield code='a'>Reed, Russell D.</subfield></datafield><datafield ind1='1' ind2='0' tag='245'><subfield code='a'>Neural smithing :</subfield><subfield code='b'>supervised learning in feedforward artificial neural networks /</subfield><subfield code='c'>Russell D. Reed and Robert J. Marks II.</subfield></datafield><datafield ind1=' ' ind2=' ' tag='260'><subfield code='a'>Cambridge, Mass. :</subfield><subfield code='b'>The MIT Press,</subfield><subfield code='c'>c1999.</subfield></datafield><datafield ind1=' ' ind2=' ' tag='300'><subfield code='a'>viii, 346 s. :</subfield><subfield code='b'>ill. ;</subfield><subfield code='c'>24 cm.</subfield></datafield><datafield ind1=' ' ind2=' ' tag='504'><subfield code='a'>Obsahuje bibliografie (s. [319]-338) a rejstřík</subfield></datafield><datafield ind1='0' ind2='7' tag='650'><subfield code='a'>neuronové sítě (počítačová věda)</subfield><subfield code='7'>ph115443</subfield><subfield code='2'>czenas</subfield></datafield><datafield ind1='0' ind2='7' tag='650'><subfield code='a'>zpracování dat</subfield><subfield code='7'>ph127675</subfield><subfield code='2'>czenas</subfield></datafield><datafield ind1=' ' ind2='4' tag='655'><subfield code='a'>příručka</subfield></datafield><datafield ind1='1' ind2=' ' tag='700'><subfield code='a'>Marks, Robert J.,</subfield><subfield code='d'>1950-</subfield><subfield code='7'>jx20111115025</subfield><subfield code='4'>aut</subfield></datafield><datafield ind1=' ' ind2=' ' tag='CAT'><subfield code='a'>NEMECKOVA</subfield><subfield code='b'>20</subfield><subfield code='c'>20091119</subfield><subfield code='l'>CZU01</subfield><subfield code='h'>0734</subfield></datafield><datafield ind1=' ' ind2=' ' tag='CAT'><subfield code='a'>batch</subfield><subfield code='b'>00</subfield><subfield code='c'>20120323</subfield><subfield code='l'>CZU01</subfield><subfield code='h'>1719</subfield></datafield><datafield ind1=' ' ind2=' ' tag='CAT'><subfield code='a'>KULHAVA</subfield><subfield code='b'>20</subfield><subfield code='c'>20120627</subfield><subfield code='l'>CZU01</subfield><subfield code='h'>1026</subfield></datafield><datafield ind1=' ' ind2=' ' tag='910'><subfield code='a'>ABD026</subfield></datafield><datafield ind1='0' ind2=' ' tag='090'><subfield code='b'>1</subfield></datafield></record>