
<record><leader>00000namZa22ZZZZZ7aZ4500</leader><controlfield tag='001'>000057975</controlfield><controlfield tag='003'>CZ-PrCZU</controlfield><controlfield tag='005'>20091119071739.0</controlfield><controlfield tag='008'>050307-2005----xxuad--f------0-1---eng--</controlfield><datafield ind1=' ' ind2=' ' tag='020'><subfield code='a'>978-0-12-485967-8</subfield></datafield><datafield ind1=' ' ind2=' ' tag='020'><subfield code='a'>0-12-485967-4</subfield></datafield><datafield ind1=' ' ind2=' ' tag='035'><subfield code='a'>86287</subfield></datafield><datafield ind1=' ' ind2=' ' tag='040'><subfield code='a'>ABD026</subfield><subfield code='b'>cze</subfield></datafield><datafield ind1='0' ind2='0' tag='050'><subfield code='a'>HG4012.5</subfield><subfield code='b'>.M38 2005</subfield></datafield><datafield ind1=' ' ind2='7' tag='072'><subfield code='a'>004</subfield><subfield code='x'>Počítačová věda. Výpočetní technika. Informační technologie</subfield><subfield code='2'>Konspekt</subfield><subfield code='9'>23</subfield></datafield><datafield ind1=' ' ind2=' ' tag='080'><subfield code='a'>004.032.26</subfield><subfield code='2'>czenas</subfield></datafield><datafield ind1=' ' ind2=' ' tag='080'><subfield code='a'>004.62</subfield><subfield code='2'>czenas</subfield></datafield><datafield ind1=' ' ind2=' ' tag='080'><subfield code='a'>332.0285632 MCN</subfield></datafield><datafield ind1='1' ind2=' ' tag='100'><subfield code='a'>McNelis, Paul D.</subfield><subfield code='7'>vse2007415040</subfield></datafield><datafield ind1='1' ind2='0' tag='245'><subfield code='a'>Neural networks in finance :</subfield><subfield code='b'>gaining predictive edge in the market /</subfield><subfield code='c'>Paul D. McNelis</subfield></datafield><datafield ind1=' ' ind2=' ' tag='260'><subfield code='a'>Burlington, MA [US] :</subfield><subfield code='b'>Elsevier Academic Press,</subfield><subfield code='c'>2005</subfield></datafield><datafield ind1=' ' ind2=' ' tag='300'><subfield code='a'>xv, 243 s. :</subfield><subfield code='b'>il., grafy</subfield></datafield><datafield ind1=' ' ind2=' ' tag='504'><subfield code='a'>Obsahuje bibliografii a rejstřík</subfield></datafield><datafield ind1='0' ind2='7' tag='650'><subfield code='a'>neuronové sítě (počítačová věda)</subfield><subfield code='7'>ph115443</subfield><subfield code='2'>czenas</subfield></datafield><datafield ind1='0' ind2='7' tag='650'><subfield code='a'>zpracování dat</subfield><subfield code='7'>ph127675</subfield><subfield code='2'>czenas</subfield></datafield><datafield ind1='0' ind2='7' tag='650'><subfield code='a'>finance</subfield><subfield code='7'>ph114548</subfield><subfield code='2'>czenas</subfield></datafield><datafield ind1='0' ind2='7' tag='650'><subfield code='a'>bankovnictví</subfield><subfield code='7'>ph114120</subfield><subfield code='2'>czenas</subfield></datafield><datafield ind1=' ' ind2='7' tag='655'><subfield code='a'>příručky</subfield><subfield code='7'>fd133209</subfield><subfield code='2'>czenas</subfield></datafield><datafield ind1='4' ind2='1' tag='856'><subfield code='u'>http://olib.cerge.cuni.cz/olibcgi/?oid=86287</subfield></datafield><datafield ind1=' ' ind2=' ' tag='CAT'><subfield code='a'>NEMECKOVA</subfield><subfield code='b'>20</subfield><subfield code='c'>20091119</subfield><subfield code='l'>CZU01</subfield><subfield code='h'>0714</subfield></datafield><datafield ind1=' ' ind2=' ' tag='CAT'><subfield code='a'>NEMECKOVA</subfield><subfield code='b'>20</subfield><subfield code='c'>20091119</subfield><subfield code='l'>CZU01</subfield><subfield code='h'>0716</subfield></datafield><datafield ind1=' ' ind2=' ' tag='CAT'><subfield code='a'>NEMECKOVA</subfield><subfield code='b'>20</subfield><subfield code='c'>20091119</subfield><subfield code='l'>CZU01</subfield><subfield code='h'>0717</subfield></datafield><datafield ind1=' ' ind2=' ' tag='CAT'><subfield code='a'>batch</subfield><subfield code='b'>00</subfield><subfield code='c'>20120323</subfield><subfield code='l'>CZU01</subfield><subfield code='h'>1719</subfield></datafield><datafield ind1=' ' ind2=' ' tag='910'><subfield code='a'>ABD026</subfield></datafield><datafield ind1=' ' ind2=' ' tag='SID'><subfield code='a'>Z39</subfield><subfield code='b'>JIB-Z-SN</subfield></datafield><datafield ind1='0' ind2=' ' tag='090'><subfield code='b'>1</subfield></datafield></record>