
<record><leader>00000aamZa22ZZZZZ7aZ4500</leader><controlfield tag='001'>000057932</controlfield><controlfield tag='003'>CZ-PrCZU</controlfield><controlfield tag='005'>20121018100954.0</controlfield><controlfield tag='008'>021031s2002----xxu||||||||||||||-||eng--</controlfield><datafield ind1=' ' ind2=' ' tag='020'><subfield code='a'>1-55860-712-9</subfield></datafield><datafield ind1=' ' ind2=' ' tag='040'><subfield code='a'>ABD100</subfield><subfield code='d'>ABD026</subfield><subfield code='b'>cze</subfield></datafield><datafield ind1='0' ind2=' ' tag='041'><subfield code='a'>eng</subfield></datafield><datafield ind1=' ' ind2=' ' tag='044'><subfield code='a'>xxu</subfield></datafield><datafield ind1=' ' ind2=' ' tag='080'><subfield code='a'>004.4</subfield></datafield><datafield ind1='1' ind2=' ' tag='100'><subfield code='a'>Rosson, Mary Beth.</subfield><subfield code='7'>ctua000149672</subfield><subfield code='4'>aut</subfield></datafield><datafield ind1='1' ind2='0' tag='245'><subfield code='a'>Usability engineering :</subfield><subfield code='b'>scenario-based development of human-computer interaction /</subfield><subfield code='c'>Mary Beth Rosson, John M. Carroll</subfield></datafield><datafield ind1=' ' ind2=' ' tag='260'><subfield code='a'>San Francisco :</subfield><subfield code='b'>Morgan Kaufmann,</subfield><subfield code='c'>c2002</subfield></datafield><datafield ind1=' ' ind2=' ' tag='300'><subfield code='a'>xxi, 422 s. :</subfield><subfield code='b'>il.</subfield></datafield><datafield ind1='0' ind2=' ' tag='490'><subfield code='a'>The Morgan Kaufmann series in interactive technologies</subfield></datafield><datafield ind1=' ' ind2=' ' tag='504'><subfield code='a'>Obsahuje bibliografii a rejstřík</subfield></datafield><datafield ind1='1' ind2='4' tag='650'><subfield code='a'>software</subfield><subfield code='2'>psh</subfield></datafield><datafield ind1=' ' ind2='7' tag='655'><subfield code='a'>monografie</subfield><subfield code='7'>fd132842</subfield><subfield code='2'>czenas</subfield></datafield><datafield ind1='1' ind2=' ' tag='700'><subfield code='a'>Carroll, John M.</subfield><subfield code='q'>(John Millar),</subfield><subfield code='d'>1950-</subfield><subfield code='7'>xx0013191</subfield><subfield code='4'>aut</subfield></datafield><datafield ind1=' ' ind2=' ' tag='CAT'><subfield code='a'>NEMECKOVA</subfield><subfield code='b'>20</subfield><subfield code='c'>20091112</subfield><subfield code='l'>CZU01</subfield><subfield code='h'>0716</subfield></datafield><datafield ind1=' ' ind2=' ' tag='CAT'><subfield code='a'>batch</subfield><subfield code='b'>00</subfield><subfield code='c'>20120323</subfield><subfield code='l'>CZU01</subfield><subfield code='h'>1719</subfield></datafield><datafield ind1=' ' ind2=' ' tag='CAT'><subfield code='a'>KULHAVA</subfield><subfield code='b'>20</subfield><subfield code='c'>20121018</subfield><subfield code='l'>CZU01</subfield><subfield code='h'>1009</subfield></datafield><datafield ind1=' ' ind2=' ' tag='CAT'><subfield code='a'>KULHAVA</subfield><subfield code='b'>20</subfield><subfield code='c'>20121018</subfield><subfield code='l'>CZU01</subfield><subfield code='h'>1009</subfield></datafield><datafield ind1=' ' ind2=' ' tag='CAT'><subfield code='a'>KULHAVA</subfield><subfield code='b'>20</subfield><subfield code='c'>20121018</subfield><subfield code='l'>CZU01</subfield><subfield code='h'>1009</subfield></datafield><datafield ind1=' ' ind2=' ' tag='CAT'><subfield code='a'>KULHAVA</subfield><subfield code='b'>20</subfield><subfield code='c'>20121018</subfield><subfield code='l'>CZU01</subfield><subfield code='h'>1009</subfield></datafield><datafield ind1=' ' ind2=' ' tag='910'><subfield code='a'>ABD026</subfield></datafield><datafield ind1=' ' ind2=' ' tag='SID'><subfield code='a'>Z39</subfield><subfield code='b'>SKC-Z-SN</subfield></datafield><datafield ind1='0' ind2=' ' tag='090'><subfield code='b'>1</subfield></datafield></record>