
<record><leader>00000namZa22ZZZZZ7aZ4500</leader><controlfield tag='001'>000057931</controlfield><controlfield tag='003'>CZ-PrCZU</controlfield><controlfield tag='005'>20091112070945.0</controlfield><controlfield tag='007'>ta</controlfield><controlfield tag='008'>071130s2007----xr-a---e-p----001-0-cze-d</controlfield><datafield ind1=' ' ind2=' ' tag='020'><subfield code='a'>978-80-7300-187-2 (brož.) :</subfield><subfield code='c'>Kč 299,00</subfield></datafield><datafield ind1=' ' ind2=' ' tag='035'><subfield code='a'>(OCoLC)228778371</subfield></datafield><datafield ind1=' ' ind2=' ' tag='040'><subfield code='b'>cze</subfield></datafield><datafield ind1=' ' ind2=' ' tag='040'><subfield code='a'>KLG001</subfield><subfield code='b'>cze</subfield><subfield code='d'>BOA001</subfield><subfield code='d'>ABA001</subfield><subfield code='d'>ABD026</subfield></datafield><datafield ind1=' ' ind2='7' tag='072'><subfield code='a'>621.38</subfield><subfield code='x'>Elektronika</subfield><subfield code='2'>Konspekt</subfield><subfield code='9'>19</subfield></datafield><datafield ind1=' ' ind2='7' tag='072'><subfield code='a'>37.016</subfield><subfield code='x'>Učební osnovy. Vyučovací předměty. Učebnice</subfield><subfield code='2'>Konspekt</subfield><subfield code='9'>22</subfield></datafield><datafield ind1=' ' ind2=' ' tag='080'><subfield code='a'>621.38</subfield><subfield code='2'>MRF</subfield></datafield><datafield ind1=' ' ind2=' ' tag='080'><subfield code='a'>621.375</subfield><subfield code='2'>MRF</subfield></datafield><datafield ind1=' ' ind2=' ' tag='080'><subfield code='a'>(075)</subfield><subfield code='2'>MRF</subfield></datafield><datafield ind1='1' ind2=' ' tag='100'><subfield code='a'>Doleček, Jaroslav,</subfield><subfield code='d'>1937-</subfield><subfield code='7'>mzk2006320179</subfield><subfield code='4'>aut</subfield></datafield><datafield ind1='1' ind2='0' tag='245'><subfield code='a'>Moderní učebnice elektroniky.</subfield><subfield code='n'>5. díl,</subfield><subfield code='p'>Operační zesilovače a komparátory /</subfield><subfield code='c'>Jaroslav Doleček</subfield></datafield><datafield ind1='3' ind2='0' tag='246'><subfield code='a'>Operační zesilovače a komparátory</subfield></datafield><datafield ind1=' ' ind2=' ' tag='250'><subfield code='a'>1. vyd.</subfield></datafield><datafield ind1=' ' ind2=' ' tag='260'><subfield code='a'>Praha :</subfield><subfield code='b'>BEN - technická literatura,</subfield><subfield code='c'>2007</subfield></datafield><datafield ind1=' ' ind2=' ' tag='300'><subfield code='a'>231 s. :</subfield><subfield code='b'>il. ;</subfield><subfield code='c'>23 cm</subfield></datafield><datafield ind1=' ' ind2=' ' tag='500'><subfield code='a'>Anglicko-český slovník</subfield></datafield><datafield ind1=' ' ind2=' ' tag='504'><subfield code='a'>Obsahuje bibliografii, bibliografické odkazy a rejstřík</subfield></datafield><datafield ind1='0' ind2='7' tag='650'><subfield code='a'>elektronika</subfield><subfield code='7'>ph114454</subfield><subfield code='2'>czenas</subfield></datafield><datafield ind1='0' ind2='7' tag='650'><subfield code='a'>zesilovače</subfield><subfield code='7'>ph136799</subfield><subfield code='2'>czenas</subfield></datafield><datafield ind1='0' ind2='9' tag='650'><subfield code='a'>electronics</subfield><subfield code='2'>eczenas</subfield></datafield><datafield ind1='0' ind2='9' tag='650'><subfield code='a'>amplifiers</subfield><subfield code='2'>eczenas</subfield></datafield><datafield ind1=' ' ind2='7' tag='655'><subfield code='a'>učebnice</subfield><subfield code='7'>fd133770</subfield><subfield code='2'>czenas</subfield></datafield><datafield ind1=' ' ind2='9' tag='655'><subfield code='a'>textbooks</subfield><subfield code='2'>eczenas</subfield></datafield><datafield ind1='4' ind2='1' tag='856'><subfield code='u'>http://toc.nkp.cz/NKC/200803/contents/nkc20071762854_1.pdf</subfield><subfield code='y'>Obsah</subfield><subfield code='4'>N</subfield></datafield><datafield ind1=' ' ind2=' ' tag='CAT'><subfield code='a'>NEMECKOVA</subfield><subfield code='b'>20</subfield><subfield code='c'>20091112</subfield><subfield code='l'>CZU01</subfield><subfield code='h'>0709</subfield></datafield><datafield ind1=' ' ind2=' ' tag='CAT'><subfield code='a'>batch</subfield><subfield code='b'>00</subfield><subfield code='c'>20120323</subfield><subfield code='l'>CZU01</subfield><subfield code='h'>1719</subfield></datafield><datafield ind1=' ' ind2=' ' tag='910'><subfield code='a'>ABD026</subfield></datafield><datafield ind1=' ' ind2=' ' tag='900'><subfield code='a'>ABA001</subfield><subfield code='b'>17</subfield></datafield><datafield ind1=' ' ind2=' ' tag='998'><subfield code='a'>003269638</subfield></datafield><datafield ind1=' ' ind2=' ' tag='SID'><subfield code='a'>Z39</subfield><subfield code='b'>SKC-Z-SN</subfield></datafield><datafield ind1='0' ind2=' ' tag='090'><subfield code='b'>1</subfield></datafield></record>