
<record><leader>00000aamZa22ZZZZZ7aZ4500</leader><controlfield tag='001'>000057855</controlfield><controlfield tag='003'>CZ-PrCZU</controlfield><controlfield tag='005'>20091104142722.0</controlfield><controlfield tag='007'>ta</controlfield><controlfield tag='008'>050203s2004----xr-a---e------000-0dcze--</controlfield><datafield ind1=' ' ind2=' ' tag='020'><subfield code='a'>80-7340-054-5 (váz.)</subfield></datafield><datafield ind1=' ' ind2=' ' tag='035'><subfield code='a'>(OCoLC)85120537</subfield></datafield><datafield ind1=' ' ind2=' ' tag='040'><subfield code='a'>ABA001</subfield><subfield code='b'>cze</subfield><subfield code='d'>ABD026</subfield></datafield><datafield ind1='0' ind2=' ' tag='041'><subfield code='a'>cze</subfield><subfield code='b'>eng, ger</subfield></datafield><datafield ind1=' ' ind2=' ' tag='043'><subfield code='a'>e-xr---</subfield></datafield><datafield ind1=' ' ind2=' ' tag='045'><subfield code='a'>w5x2</subfield></datafield><datafield ind1=' ' ind2='7' tag='072'><subfield code='a'>77</subfield><subfield code='x'>Fotografie. Fotografické postupy</subfield><subfield code='2'>Konspekt</subfield><subfield code='9'>21</subfield></datafield><datafield ind1=' ' ind2=' ' tag='080'><subfield code='a'>77-051</subfield><subfield code='2'>MRF</subfield></datafield><datafield ind1=' ' ind2=' ' tag='080'><subfield code='a'>77.03/.08</subfield><subfield code='2'>MRF</subfield></datafield><datafield ind1=' ' ind2=' ' tag='080'><subfield code='a'>(437.3)</subfield><subfield code='2'>MRF</subfield></datafield><datafield ind1=' ' ind2=' ' tag='080'><subfield code='a'>(048.8)</subfield><subfield code='2'>MRF</subfield></datafield><datafield ind1=' ' ind2=' ' tag='080'><subfield code='a'>(084.12)</subfield><subfield code='2'>MRF</subfield></datafield><datafield ind1='1' ind2=' ' tag='100'><subfield code='a'>Scheufler, Pavel,</subfield><subfield code='d'>1950-</subfield><subfield code='7'>jn99240001047</subfield><subfield code='4'>aut</subfield></datafield><datafield ind1='1' ind2='0' tag='245'><subfield code='a'>František Krátký :</subfield><subfield code='b'>český fotograf před sto lety = Czech photographer 100 years ago = ein tschechischer Photograph vor 100 Jahren /</subfield><subfield code='c'>Pavel Scheufler</subfield></datafield><datafield ind1='3' ind2='0' tag='246'><subfield code='a'>Český fotograf před sto lety</subfield></datafield><datafield ind1=' ' ind2=' ' tag='250'><subfield code='a'>Vyd. 1.</subfield></datafield><datafield ind1=' ' ind2=' ' tag='260'><subfield code='a'>Praha :</subfield><subfield code='b'>Baset,</subfield><subfield code='c'>2004</subfield></datafield><datafield ind1=' ' ind2=' ' tag='300'><subfield code='a'>190 s. :</subfield><subfield code='b'>il. ;</subfield><subfield code='c'>24 cm</subfield></datafield><datafield ind1=' ' ind2=' ' tag='500'><subfield code='a'>Životopisná data, přehled výstav</subfield></datafield><datafield ind1=' ' ind2=' ' tag='504'><subfield code='a'>Obsahuje bibliografii</subfield></datafield><datafield ind1=' ' ind2=' ' tag='546'><subfield code='a'>Anglické a německé resumé</subfield></datafield><datafield ind1='1' ind2='7' tag='600'><subfield code='a'>Krátký, František,</subfield><subfield code='d'>1851-1924</subfield><subfield code='7'>mzk2002105889</subfield><subfield code='2'>czenas</subfield></datafield><datafield ind1=' ' ind2='4' tag='648'><subfield code='a'>19.-20. stol.</subfield></datafield><datafield ind1='0' ind2='7' tag='650'><subfield code='a'>fotografové</subfield><subfield code='7'>ph120335</subfield><subfield code='z'>Česko</subfield><subfield code='y'>19.-20. stol.</subfield><subfield code='2'>czenas</subfield></datafield><datafield ind1='0' ind2='7' tag='650'><subfield code='a'>fotografie</subfield><subfield code='7'>ph114585</subfield><subfield code='z'>Česko</subfield><subfield code='y'>19.-20. stol.</subfield><subfield code='2'>czenas</subfield></datafield><datafield ind1='0' ind2='9' tag='650'><subfield code='a'>photographers</subfield><subfield code='z'>Czech Republic</subfield><subfield code='y'>19th-20th centuries</subfield><subfield code='2'>eczenas</subfield></datafield><datafield ind1='0' ind2='9' tag='650'><subfield code='a'>photography</subfield><subfield code='z'>Czech Republic</subfield><subfield code='y'>19th-20th centuries</subfield><subfield code='2'>eczenas</subfield></datafield><datafield ind1=' ' ind2='7' tag='655'><subfield code='a'>monografie</subfield><subfield code='7'>fd132842</subfield><subfield code='2'>czenas</subfield></datafield><datafield ind1=' ' ind2='7' tag='655'><subfield code='a'>fotografické publikace</subfield><subfield code='7'>fd132276</subfield><subfield code='2'>czenas</subfield></datafield><datafield ind1=' ' ind2='9' tag='655'><subfield code='a'>monographs</subfield><subfield code='2'>eczenas</subfield></datafield><datafield ind1=' ' ind2='9' tag='655'><subfield code='a'>photographical works</subfield><subfield code='2'>eczenas</subfield></datafield><datafield ind1='1' ind2=' ' tag='700'><subfield code='a'>Krátký, František,</subfield><subfield code='d'>1851-1924</subfield><subfield code='7'>mzk2002105889</subfield><subfield code='4'>pht</subfield></datafield><datafield ind1=' ' ind2=' ' tag='CAT'><subfield code='a'>BATELKOVA</subfield><subfield code='b'>20</subfield><subfield code='c'>20091104</subfield><subfield code='l'>CZU01</subfield><subfield code='h'>1427</subfield></datafield><datafield ind1=' ' ind2=' ' tag='CAT'><subfield code='a'>batch</subfield><subfield code='b'>00</subfield><subfield code='c'>20120323</subfield><subfield code='l'>CZU01</subfield><subfield code='h'>1719</subfield></datafield><datafield ind1=' ' ind2=' ' tag='910'><subfield code='a'>ABD026</subfield></datafield><datafield ind1=' ' ind2=' ' tag='998'><subfield code='a'>001446017</subfield></datafield><datafield ind1=' ' ind2=' ' tag='SID'><subfield code='a'>Z39</subfield><subfield code='b'>NKC-Z-SN</subfield></datafield><datafield ind1='0' ind2=' ' tag='090'><subfield code='b'>1</subfield></datafield></record>