
<record><leader>00000aamZa22ZZZZZ7aZ4500</leader><controlfield tag='001'>000057854</controlfield><controlfield tag='003'>CZ-PrCZU</controlfield><controlfield tag='005'>20091104140937.0</controlfield><controlfield tag='007'>ta</controlfield><controlfield tag='008'>091009s2009----xr-a---e------001-0-cze--</controlfield><datafield ind1=' ' ind2=' ' tag='020'><subfield code='a'>978-80-247-2532-1 (váz.)</subfield></datafield><datafield ind1=' ' ind2=' ' tag='040'><subfield code='a'>ABA001</subfield><subfield code='b'>cze</subfield><subfield code='d'>ABD026</subfield></datafield><datafield ind1=' ' ind2='7' tag='072'><subfield code='a'>69</subfield><subfield code='x'>Stavebnictví</subfield><subfield code='2'>Konspekt</subfield><subfield code='9'>19</subfield></datafield><datafield ind1=' ' ind2=' ' tag='080'><subfield code='a'>69</subfield><subfield code='2'>MRF</subfield></datafield><datafield ind1=' ' ind2=' ' tag='080'><subfield code='a'>502/504</subfield><subfield code='2'>MRF</subfield></datafield><datafield ind1=' ' ind2=' ' tag='080'><subfield code='a'>691</subfield><subfield code='2'>MRF</subfield></datafield><datafield ind1=' ' ind2=' ' tag='080'><subfield code='a'>502.174</subfield><subfield code='2'>MRF</subfield></datafield><datafield ind1=' ' ind2=' ' tag='080'><subfield code='a'>691.1/.2</subfield><subfield code='2'>MRF</subfield></datafield><datafield ind1=' ' ind2=' ' tag='080'><subfield code='a'>(048.8)</subfield><subfield code='2'>MRF</subfield></datafield><datafield ind1='1' ind2=' ' tag='100'><subfield code='a'>Chybík, Josef,</subfield><subfield code='d'>1952-</subfield><subfield code='7'>jn20000620127</subfield><subfield code='4'>aut</subfield></datafield><datafield ind1='1' ind2='0' tag='245'><subfield code='a'>Přírodní stavební materiály /</subfield><subfield code='c'>Josef Chybík</subfield></datafield><datafield ind1=' ' ind2=' ' tag='250'><subfield code='a'>1. vyd.</subfield></datafield><datafield ind1=' ' ind2=' ' tag='260'><subfield code='a'>Praha :</subfield><subfield code='b'>Grada,</subfield><subfield code='c'>2009</subfield></datafield><datafield ind1=' ' ind2=' ' tag='300'><subfield code='a'>268 s. :</subfield><subfield code='b'>barev. il. ;</subfield><subfield code='c'>25 cm</subfield></datafield><datafield ind1='1' ind2=' ' tag='490'><subfield code='a'>Stavitel</subfield></datafield><datafield ind1=' ' ind2=' ' tag='504'><subfield code='a'>Obsahuje bibliografii a rejstříky</subfield></datafield><datafield ind1='0' ind2='7' tag='650'><subfield code='a'>stavebnictví</subfield><subfield code='7'>ph116275</subfield><subfield code='x'>environmentální aspekty</subfield><subfield code='2'>czenas</subfield></datafield><datafield ind1='0' ind2='7' tag='650'><subfield code='a'>stavební materiály</subfield><subfield code='7'>ph116281</subfield><subfield code='x'>environmentální aspekty</subfield><subfield code='2'>czenas</subfield></datafield><datafield ind1='0' ind2='7' tag='650'><subfield code='a'>environmentálně vhodné technologie</subfield><subfield code='7'>ph135494</subfield><subfield code='2'>czenas</subfield></datafield><datafield ind1='0' ind2='7' tag='650'><subfield code='a'>přírodní materiály</subfield><subfield code='7'>ph124932</subfield><subfield code='2'>czenas</subfield></datafield><datafield ind1='0' ind2='9' tag='650'><subfield code='a'>construction industry</subfield><subfield code='x'>environmental aspects</subfield><subfield code='2'>eczenas</subfield></datafield><datafield ind1='0' ind2='9' tag='650'><subfield code='a'>building materials</subfield><subfield code='x'>environmental aspects</subfield><subfield code='2'>eczenas</subfield></datafield><datafield ind1='0' ind2='9' tag='650'><subfield code='a'>green technology</subfield><subfield code='2'>eczenas</subfield></datafield><datafield ind1='0' ind2='9' tag='650'><subfield code='a'>natural materials</subfield><subfield code='2'>eczenas</subfield></datafield><datafield ind1=' ' ind2='7' tag='655'><subfield code='a'>monografie</subfield><subfield code='7'>fd132842</subfield><subfield code='2'>czenas</subfield></datafield><datafield ind1=' ' ind2='9' tag='655'><subfield code='a'>monographs</subfield><subfield code='2'>eczenas</subfield></datafield><datafield ind1=' ' ind2='0' tag='830'><subfield code='a'>Stavitel</subfield><subfield code='0'>s</subfield></datafield><datafield ind1=' ' ind2=' ' tag='CAT'><subfield code='a'>BATELKOVA</subfield><subfield code='b'>20</subfield><subfield code='c'>20091104</subfield><subfield code='l'>CZU01</subfield><subfield code='h'>1408</subfield></datafield><datafield ind1=' ' ind2=' ' tag='CAT'><subfield code='a'>BATELKOVA</subfield><subfield code='b'>20</subfield><subfield code='c'>20091104</subfield><subfield code='l'>CZU01</subfield><subfield code='h'>1409</subfield></datafield><datafield ind1=' ' ind2=' ' tag='CAT'><subfield code='a'>batch</subfield><subfield code='b'>00</subfield><subfield code='c'>20120323</subfield><subfield code='l'>CZU01</subfield><subfield code='h'>1719</subfield></datafield><datafield ind1=' ' ind2=' ' tag='910'><subfield code='a'>ABD026</subfield></datafield><datafield ind1='1' ind2=' ' tag='928'><subfield code='a'>Grada Publishing</subfield></datafield><datafield ind1=' ' ind2=' ' tag='998'><subfield code='a'>001991435</subfield></datafield><datafield ind1=' ' ind2=' ' tag='SID'><subfield code='a'>Z39</subfield><subfield code='b'>NKC-Z-SN</subfield></datafield><datafield ind1='0' ind2=' ' tag='090'><subfield code='b'>1</subfield></datafield></record>