
<record><leader>00000namZa22ZZZZZ7aZ4500</leader><controlfield tag='001'>000057853</controlfield><controlfield tag='003'>CZ-PrCZU</controlfield><controlfield tag='005'>20091104135816.0</controlfield><controlfield tag='007'>ta</controlfield><controlfield tag='008'>081009s2008----xr-a---g-p----000-0-cze--</controlfield><datafield ind1=' ' ind2=' ' tag='020'><subfield code='a'>978-80-253-0675-8 (brož.)</subfield></datafield><datafield ind1=' ' ind2=' ' tag='035'><subfield code='a'>(OCoLC)276817972</subfield></datafield><datafield ind1=' ' ind2=' ' tag='040'><subfield code='a'>ABA001</subfield><subfield code='b'>cze</subfield><subfield code='d'>ABD026</subfield></datafield><datafield ind1='0' ind2=' ' tag='041'><subfield code='a'>cze</subfield><subfield code='a'>eng</subfield></datafield><datafield ind1=' ' ind2='7' tag='072'><subfield code='a'>811.111</subfield><subfield code='x'>Angličtina</subfield><subfield code='2'>Konspekt</subfield><subfield code='9'>11</subfield></datafield><datafield ind1=' ' ind2='7' tag='072'><subfield code='a'>37.016</subfield><subfield code='x'>Učební osnovy. Vyučovací předměty. Učebnice</subfield><subfield code='2'>Konspekt</subfield><subfield code='9'>22</subfield></datafield><datafield ind1=' ' ind2=' ' tag='080'><subfield code='a'>811.111</subfield><subfield code='2'>MRF</subfield></datafield><datafield ind1=' ' ind2=' ' tag='080'><subfield code='a'>(075)</subfield><subfield code='2'>MRF</subfield></datafield><datafield ind1='1' ind2=' ' tag='100'><subfield code='a'>Dostálová, Iva,</subfield><subfield code='d'>1964-</subfield><subfield code='7'>mzk2005300601</subfield><subfield code='4'>aut</subfield></datafield><datafield ind1='1' ind2='0' tag='245'><subfield code='a'>Angličtina pro pokročilé samouky /</subfield><subfield code='c'>Iva Dostálová a James Branam</subfield></datafield><datafield ind1=' ' ind2=' ' tag='250'><subfield code='a'>1. vyd.</subfield></datafield><datafield ind1=' ' ind2=' ' tag='260'><subfield code='a'>Praha :</subfield><subfield code='b'>Fragment,</subfield><subfield code='c'>2008</subfield></datafield><datafield ind1=' ' ind2=' ' tag='300'><subfield code='a'>256 s. :</subfield><subfield code='b'>barev. il. ;</subfield><subfield code='c'>21 cm +</subfield><subfield code='e'>1 CD</subfield></datafield><datafield ind1=' ' ind2=' ' tag='500'><subfield code='a'>Anglicko-český slovník</subfield></datafield><datafield ind1='0' ind2='7' tag='650'><subfield code='a'>angličtina</subfield><subfield code='7'>ph114056</subfield><subfield code='2'>czenas</subfield></datafield><datafield ind1='0' ind2='9' tag='650'><subfield code='a'>English language</subfield><subfield code='2'>eczenas</subfield></datafield><datafield ind1=' ' ind2='7' tag='655'><subfield code='a'>učebnice</subfield><subfield code='7'>fd133770</subfield><subfield code='2'>czenas</subfield></datafield><datafield ind1=' ' ind2='9' tag='655'><subfield code='a'>textbooks</subfield><subfield code='2'>eczenas</subfield></datafield><datafield ind1='1' ind2=' ' tag='700'><subfield code='a'>Branam, James,</subfield><subfield code='d'>1963-</subfield><subfield code='7'>xx0011102</subfield><subfield code='4'>aut</subfield></datafield><datafield ind1='4' ind2='1' tag='856'><subfield code='y'>Obsah</subfield><subfield code='u'>http://toc.nkp.cz/NKC/200811/contents/nkc20081822500_1.pdf</subfield></datafield><datafield ind1=' ' ind2=' ' tag='CAT'><subfield code='a'>BATELKOVA</subfield><subfield code='b'>20</subfield><subfield code='c'>20091104</subfield><subfield code='l'>CZU01</subfield><subfield code='h'>1358</subfield></datafield><datafield ind1=' ' ind2=' ' tag='CAT'><subfield code='a'>batch</subfield><subfield code='b'>00</subfield><subfield code='c'>20120323</subfield><subfield code='l'>CZU01</subfield><subfield code='h'>1719</subfield></datafield><datafield ind1=' ' ind2=' ' tag='910'><subfield code='a'>ABD026</subfield></datafield><datafield ind1=' ' ind2=' ' tag='998'><subfield code='a'>001822500</subfield></datafield><datafield ind1=' ' ind2=' ' tag='SID'><subfield code='a'>Z39</subfield><subfield code='b'>NKC-Z-SN</subfield></datafield><datafield ind1='0' ind2=' ' tag='090'><subfield code='b'>1</subfield></datafield></record>