
<record><leader>00000aamZa22ZZZZZ7aZ4500</leader><controlfield tag='001'>000057792</controlfield><controlfield tag='003'>CZ-PrCZU</controlfield><controlfield tag='005'>20091021085934.0</controlfield><controlfield tag='007'>ta</controlfield><controlfield tag='008'>031120s2004----xr-----e------001-0-cze--</controlfield><datafield ind1=' ' ind2=' ' tag='020'><subfield code='a'>80-7179-765-0 (brož.)</subfield></datafield><datafield ind1=' ' ind2=' ' tag='035'><subfield code='a'>(OCoLC)56854590</subfield></datafield><datafield ind1=' ' ind2=' ' tag='040'><subfield code='a'>ABA001</subfield><subfield code='b'>cze</subfield><subfield code='d'>ABD026</subfield></datafield><datafield ind1=' ' ind2=' ' tag='043'><subfield code='a'>e-xr---</subfield></datafield><datafield ind1=' ' ind2='7' tag='072'><subfield code='a'>347</subfield><subfield code='x'>Soukromé právo</subfield><subfield code='2'>Konspekt</subfield><subfield code='9'>16</subfield></datafield><datafield ind1=' ' ind2=' ' tag='080'><subfield code='a'>004:347.78</subfield><subfield code='2'>MRF</subfield></datafield><datafield ind1=' ' ind2=' ' tag='080'><subfield code='a'>004</subfield><subfield code='2'>MRF</subfield></datafield><datafield ind1=' ' ind2=' ' tag='080'><subfield code='a'>621.39</subfield><subfield code='2'>MRF</subfield></datafield><datafield ind1=' ' ind2=' ' tag='080'><subfield code='a'>(437.3)</subfield><subfield code='2'>MRF</subfield></datafield><datafield ind1=' ' ind2=' ' tag='080'><subfield code='a'>(048.8)</subfield><subfield code='2'>MRF</subfield></datafield><datafield ind1=' ' ind2=' ' tag='080'><subfield code='a'>(094.5)</subfield><subfield code='2'>MRF</subfield></datafield><datafield ind1='1' ind2=' ' tag='100'><subfield code='a'>Smejkal, Vladimír,</subfield><subfield code='d'>1955-</subfield><subfield code='7'>jn20001227562</subfield><subfield code='4'>aut</subfield></datafield><datafield ind1='1' ind2='0' tag='245'><subfield code='a'>Právo informačních a telekomunikačních systémů /</subfield><subfield code='c'>Vladimír Smejkal a kolektiv</subfield></datafield><datafield ind1=' ' ind2=' ' tag='250'><subfield code='a'>2., aktualiz. a rozš. vyd.</subfield></datafield><datafield ind1=' ' ind2=' ' tag='260'><subfield code='a'>Praha :</subfield><subfield code='b'>C.H. Beck,</subfield><subfield code='c'>2004</subfield></datafield><datafield ind1=' ' ind2=' ' tag='300'><subfield code='a'>xxx, 770 s. ;</subfield><subfield code='c'>23 cm</subfield></datafield><datafield ind1='1' ind2=' ' tag='490'><subfield code='a'>Beckova edice právo a hospodářství</subfield></datafield><datafield ind1=' ' ind2=' ' tag='504'><subfield code='a'>Obsahuje bibliografické odkazy a rejstřík</subfield></datafield><datafield ind1='0' ind2='7' tag='650'><subfield code='a'>informační technologie</subfield><subfield code='7'>ph121106</subfield><subfield code='z'>Česko</subfield><subfield code='2'>czenas</subfield></datafield><datafield ind1='0' ind2='7' tag='650'><subfield code='a'>telekomunikace</subfield><subfield code='7'>ph116420</subfield><subfield code='z'>Česko</subfield><subfield code='2'>czenas</subfield></datafield><datafield ind1='0' ind2='7' tag='650'><subfield code='a'>právo informačních technologií</subfield><subfield code='7'>ph137692</subfield><subfield code='z'>Česko</subfield><subfield code='2'>czenas</subfield></datafield><datafield ind1='0' ind2='9' tag='650'><subfield code='a'>information technology</subfield><subfield code='z'>Czech Republic</subfield><subfield code='2'>eczenas</subfield></datafield><datafield ind1='0' ind2='9' tag='650'><subfield code='a'>telecommunication</subfield><subfield code='z'>Czech Republic</subfield><subfield code='2'>eczenas</subfield></datafield><datafield ind1='0' ind2='9' tag='650'><subfield code='a'>information technology law</subfield><subfield code='z'>Czech Republic</subfield><subfield code='2'>eczenas</subfield></datafield><datafield ind1=' ' ind2='7' tag='655'><subfield code='a'>přehledy</subfield><subfield code='7'>fd133202</subfield><subfield code='2'>czenas</subfield></datafield><datafield ind1=' ' ind2='7' tag='655'><subfield code='a'>právní předpisy</subfield><subfield code='7'>fd133151</subfield><subfield code='2'>czenas</subfield></datafield><datafield ind1=' ' ind2='9' tag='655'><subfield code='a'>legal regulations</subfield><subfield code='2'>eczenas</subfield></datafield><datafield ind1=' ' ind2='9' tag='655'><subfield code='a'>surveys</subfield><subfield code='2'>eczenas</subfield></datafield><datafield ind1=' ' ind2='0' tag='830'><subfield code='a'>Beckova edice právo a hospodářství</subfield><subfield code='0'>s</subfield></datafield><datafield ind1=' ' ind2=' ' tag='CAT'><subfield code='a'>BATELKOVA</subfield><subfield code='b'>20</subfield><subfield code='c'>20091021</subfield><subfield code='l'>CZU01</subfield><subfield code='h'>0859</subfield></datafield><datafield ind1=' ' ind2=' ' tag='CAT'><subfield code='a'>batch</subfield><subfield code='b'>00</subfield><subfield code='c'>20120323</subfield><subfield code='l'>CZU01</subfield><subfield code='h'>1719</subfield></datafield><datafield ind1=' ' ind2=' ' tag='910'><subfield code='a'>ABD026</subfield></datafield><datafield ind1=' ' ind2=' ' tag='998'><subfield code='a'>001292745</subfield></datafield><datafield ind1=' ' ind2=' ' tag='SID'><subfield code='a'>Z39</subfield><subfield code='b'>NKC-Z-SN</subfield></datafield><datafield ind1='0' ind2=' ' tag='090'><subfield code='b'>1</subfield></datafield></record>