
<record><leader>00000namZa22ZZZZZ7aZ4500</leader><controlfield tag='001'>000057263</controlfield><controlfield tag='003'>CZ-PrCZU</controlfield><controlfield tag='005'>20090623105628.0</controlfield><controlfield tag='008'>090623s2009----xxk----f-----||||-0-eng-d</controlfield><datafield ind1=' ' ind2=' ' tag='020'><subfield code='a'>978-1903986-31-8</subfield></datafield><datafield ind1=' ' ind2=' ' tag='040'><subfield code='a'>ABD026</subfield><subfield code='b'>cze</subfield></datafield><datafield ind1=' ' ind2='7' tag='072'><subfield code='a'>316</subfield><subfield code='x'>Sociologie</subfield><subfield code='2'>Konspekt</subfield><subfield code='9'>18</subfield></datafield><datafield ind1=' ' ind2=' ' tag='080'><subfield code='a'>316.344.32&quot;21&quot;</subfield><subfield code='2'>MRF</subfield></datafield><datafield ind1='0' ind2='0' tag='245'><subfield code='a'>2000 outstanding intellectuals of the 21st century /</subfield><subfield code='c'>editor in chief Sara Rains</subfield></datafield><datafield ind1=' ' ind2=' ' tag='250'><subfield code='a'>5th ed.</subfield></datafield><datafield ind1=' ' ind2=' ' tag='260'><subfield code='a'>Cambridge :</subfield><subfield code='b'>Melrose Press,</subfield><subfield code='c'>2009</subfield></datafield><datafield ind1=' ' ind2=' ' tag='300'><subfield code='a'>523 s.</subfield></datafield><datafield ind1=' ' ind2=' ' tag='500'><subfield code='a'>obsahuje adresář</subfield></datafield><datafield ind1='0' ind2='7' tag='650'><subfield code='a'>osobnost</subfield><subfield code='7'>ph115614</subfield><subfield code='2'>czenas</subfield></datafield><datafield ind1=' ' ind2='7' tag='655'><subfield code='a'>adresáře</subfield><subfield code='7'>fd131783</subfield><subfield code='2'>czenas</subfield></datafield><datafield ind1='1' ind2=' ' tag='700'><subfield code='a'>Rains, Sara</subfield><subfield code='4'>edt</subfield></datafield><datafield ind1=' ' ind2=' ' tag='CAT'><subfield code='a'>BATELKOVA</subfield><subfield code='b'>20</subfield><subfield code='c'>20090623</subfield><subfield code='l'>CZU01</subfield><subfield code='h'>1056</subfield></datafield><datafield ind1=' ' ind2=' ' tag='CAT'><subfield code='a'>batch</subfield><subfield code='b'>00</subfield><subfield code='c'>20120323</subfield><subfield code='l'>CZU01</subfield><subfield code='h'>1719</subfield></datafield><datafield ind1=' ' ind2=' ' tag='910'><subfield code='a'>ABD026</subfield></datafield><datafield ind1='0' ind2=' ' tag='090'><subfield code='b'>1</subfield></datafield></record>