
<record><leader>00000namZa22ZZZZZ7aZ4500</leader><controlfield tag='001'>000057221</controlfield><controlfield tag='003'>CZ-PrCZU</controlfield><controlfield tag='005'>20090610114802.0</controlfield><controlfield tag='008'>090610s2007----xr-----f-----||||-0-cze-d</controlfield><datafield ind1=' ' ind2=' ' tag='020'><subfield code='a'>81-314-0684-9</subfield></datafield><datafield ind1=' ' ind2=' ' tag='040'><subfield code='a'>ABD026</subfield><subfield code='b'>cze</subfield></datafield><datafield ind1=' ' ind2=' ' tag='041'/><datafield ind1=' ' ind2='7' tag='072'><subfield code='a'>004.4/.6</subfield><subfield code='x'>Programové vybavení. Programové prostředky</subfield><subfield code='2'>Konspekt</subfield><subfield code='9'>23</subfield></datafield><datafield ind1='1' ind2=' ' tag='100'><subfield code='a'>Kumar Panigrahi, Prabin</subfield></datafield><datafield ind1='1' ind2='0' tag='245'><subfield code='a'>Fuzzy object-oriented database systems /</subfield><subfield code='c'>Prabin Kumar Panigrahi</subfield></datafield><datafield ind1=' ' ind2=' ' tag='250'><subfield code='a'>1st ed.</subfield></datafield><datafield ind1=' ' ind2=' ' tag='260'><subfield code='a'>Punjagutta :</subfield><subfield code='b'>The Icfai University Press,</subfield><subfield code='c'>2007</subfield></datafield><datafield ind1=' ' ind2=' ' tag='300'><subfield code='a'>269 s.</subfield></datafield><datafield ind1='0' ind2='7' tag='650'><subfield code='a'>databáze</subfield><subfield code='7'>ph114295</subfield><subfield code='2'>czenas</subfield></datafield><datafield ind1=' ' ind2='7' tag='655'><subfield code='a'>příručky</subfield><subfield code='7'>fd133209</subfield><subfield code='2'>czenas</subfield></datafield><datafield ind1=' ' ind2=' ' tag='CAT'><subfield code='a'>BATELKOVA</subfield><subfield code='b'>20</subfield><subfield code='c'>20090610</subfield><subfield code='l'>CZU01</subfield><subfield code='h'>1148</subfield></datafield><datafield ind1=' ' ind2=' ' tag='CAT'><subfield code='a'>batch</subfield><subfield code='b'>00</subfield><subfield code='c'>20120323</subfield><subfield code='l'>CZU01</subfield><subfield code='h'>1719</subfield></datafield><datafield ind1=' ' ind2=' ' tag='910'><subfield code='a'>ABD026</subfield></datafield><datafield ind1='0' ind2=' ' tag='090'><subfield code='b'>1</subfield></datafield></record>