
<record><leader>00000namZa22ZZZZZ7aZ4500</leader><controlfield tag='001'>000057220</controlfield><controlfield tag='003'>CZ-PrCZU</controlfield><controlfield tag='005'>20130130095146.0</controlfield><controlfield tag='008'>071108s2008----xxu----|-----|------eng--</controlfield><datafield ind1=' ' ind2=' ' tag='020'><subfield code='a'>978-0-13-234482-1 (váz.)</subfield><subfield code='z'>0-13-234482-3 :</subfield><subfield code='c'>Kč 1391,00</subfield></datafield><datafield ind1=' ' ind2=' ' tag='040'><subfield code='a'>OSD002</subfield><subfield code='b'>cze</subfield><subfield code='d'>ABD026</subfield></datafield><datafield ind1=' ' ind2='7' tag='072'><subfield code='a'>004.2</subfield><subfield code='x'>Počítačová architektura</subfield><subfield code='2'>Konspekt</subfield><subfield code='9'>23</subfield></datafield><datafield ind1=' ' ind2=' ' tag='080'><subfield code='a'>004.2</subfield></datafield><datafield ind1=' ' ind2=' ' tag='080'><subfield code='a'>004.4</subfield></datafield><datafield ind1=' ' ind2=' ' tag='080'><subfield code='a'>004.7</subfield></datafield><datafield ind1=' ' ind2=' ' tag='080'><subfield code='a'>338.46</subfield></datafield><datafield ind1='1' ind2=' ' tag='100'><subfield code='a'>Erl, Thomas</subfield><subfield code='4'>aut</subfield></datafield><datafield ind1='1' ind2='0' tag='245'><subfield code='a'>SOA :</subfield><subfield code='b'>principles of service design /</subfield><subfield code='c'>Thomas Erl</subfield></datafield><datafield ind1=' ' ind2=' ' tag='260'><subfield code='a'>Upper Saddle River :</subfield><subfield code='b'>Prentice Hall,</subfield><subfield code='c'>c2008</subfield></datafield><datafield ind1=' ' ind2=' ' tag='300'><subfield code='a'>xxxii, 573 s. :</subfield><subfield code='b'>il.</subfield></datafield><datafield ind1='1' ind2=' ' tag='490'><subfield code='a'>Prentice-Hall service-oriented computing series</subfield></datafield><datafield ind1='0' ind2=' ' tag='653'><subfield code='a'>Architektura orientovaná na služby</subfield><subfield code='a'>Návrh systému</subfield><subfield code='a'>Systémová analýza</subfield><subfield code='a'>WWW služby</subfield></datafield><datafield ind1=' ' ind2='0' tag='830'><subfield code='a'>Prentice-Hall service-oriented computing series</subfield></datafield><datafield ind1=' ' ind2=' ' tag='CAT'><subfield code='a'>BATELKOVA</subfield><subfield code='b'>20</subfield><subfield code='c'>20090610</subfield><subfield code='l'>CZU01</subfield><subfield code='h'>1139</subfield></datafield><datafield ind1=' ' ind2=' ' tag='CAT'><subfield code='a'>BATELKOVA</subfield><subfield code='b'>20</subfield><subfield code='c'>20090610</subfield><subfield code='l'>CZU01</subfield><subfield code='h'>1140</subfield></datafield><datafield ind1=' ' ind2=' ' tag='CAT'><subfield code='c'>20091215</subfield><subfield code='l'>CZU01</subfield><subfield code='h'>1326</subfield></datafield><datafield ind1=' ' ind2=' ' tag='CAT'><subfield code='a'>batch</subfield><subfield code='b'>00</subfield><subfield code='c'>20120323</subfield><subfield code='l'>CZU01</subfield><subfield code='h'>1719</subfield></datafield><datafield ind1=' ' ind2=' ' tag='CAT'><subfield code='a'>KULHAVA</subfield><subfield code='b'>20</subfield><subfield code='c'>20130130</subfield><subfield code='l'>CZU01</subfield><subfield code='h'>0951</subfield></datafield><datafield ind1=' ' ind2=' ' tag='910'><subfield code='a'>ABD026</subfield></datafield><datafield ind1=' ' ind2=' ' tag='SID'><subfield code='a'>Z39</subfield><subfield code='b'>SKC-Z-SN</subfield></datafield><datafield ind1='0' ind2=' ' tag='090'><subfield code='b'>1</subfield></datafield></record>