
<record><leader>00000namZa22ZZZZZ7aZ4500</leader><controlfield tag='001'>000057219</controlfield><controlfield tag='003'>CZ-PrCZU</controlfield><controlfield tag='005'>20090610113245.0</controlfield><controlfield tag='008'>051017s2004----xxu-----------------eng--</controlfield><datafield ind1=' ' ind2=' ' tag='020'><subfield code='a'>0-321-20068-3</subfield></datafield><datafield ind1=' ' ind2=' ' tag='040'><subfield code='a'>ABA013</subfield><subfield code='b'>cze</subfield><subfield code='d'>ABD026</subfield></datafield><datafield ind1=' ' ind2=' ' tag='080'><subfield code='a'>004.773</subfield></datafield><datafield ind1=' ' ind2=' ' tag='080'><subfield code='a'>004.93`1</subfield></datafield><datafield ind1='1' ind2=' ' tag='100'><subfield code='a'>Hohpe, Gregor</subfield><subfield code='7'>xx0038487</subfield><subfield code='4'>aut</subfield></datafield><datafield ind1='1' ind2='0' tag='245'><subfield code='a'>Enterprise integration patterns :</subfield><subfield code='b'>designing, building, and deploying messaging solutions /</subfield><subfield code='c'>Gregor Hohpe, Bobby Woolf</subfield></datafield><datafield ind1=' ' ind2=' ' tag='260'><subfield code='a'>Boston :</subfield><subfield code='b'>Addison-Wesley,</subfield><subfield code='c'>c2004</subfield></datafield><datafield ind1=' ' ind2=' ' tag='300'><subfield code='a'>li, 683 s. :</subfield><subfield code='b'>il.</subfield></datafield><datafield ind1='0' ind2=' ' tag='490'><subfield code='a'>&lt;&lt;The &gt;&gt;Addison-Wesley signature series</subfield></datafield><datafield ind1=' ' ind2=' ' tag='504'><subfield code='a'>Obsahuje bibliografii a rejstřík</subfield></datafield><datafield ind1='0' ind2='7' tag='650'><subfield code='a'>telekomunikace</subfield><subfield code='7'>ph116420</subfield><subfield code='x'>sj</subfield><subfield code='2'>czenas</subfield></datafield><datafield ind1='0' ind2='7' tag='650'><subfield code='a'>přenos dat</subfield><subfield code='7'>ph124907</subfield><subfield code='x'>sj</subfield><subfield code='2'>czenas</subfield></datafield><datafield ind1='0' ind2='7' tag='650'><subfield code='a'>rozpoznávání vzorů</subfield><subfield code='7'>ph168762</subfield><subfield code='x'>vt</subfield><subfield code='2'>czenas</subfield></datafield><datafield ind1='0' ind2='4' tag='650'><subfield code='a'>komunikační sítě</subfield><subfield code='x'>sj</subfield></datafield><datafield ind1=' ' ind2='7' tag='655'><subfield code='a'>monografie</subfield><subfield code='7'>fd132842</subfield><subfield code='2'>czenas</subfield></datafield><datafield ind1='1' ind2=' ' tag='700'><subfield code='a'>Woolf, Bobby</subfield><subfield code='7'>xx0038488</subfield><subfield code='4'>aut</subfield></datafield><datafield ind1=' ' ind2=' ' tag='CAT'><subfield code='a'>BATELKOVA</subfield><subfield code='b'>20</subfield><subfield code='c'>20090610</subfield><subfield code='l'>CZU01</subfield><subfield code='h'>1131</subfield></datafield><datafield ind1=' ' ind2=' ' tag='CAT'><subfield code='a'>BATELKOVA</subfield><subfield code='b'>20</subfield><subfield code='c'>20090610</subfield><subfield code='l'>CZU01</subfield><subfield code='h'>1132</subfield></datafield><datafield ind1=' ' ind2=' ' tag='CAT'><subfield code='a'>batch</subfield><subfield code='b'>00</subfield><subfield code='c'>20120323</subfield><subfield code='l'>CZU01</subfield><subfield code='h'>1719</subfield></datafield><datafield ind1=' ' ind2=' ' tag='910'><subfield code='a'>ABD026</subfield></datafield><datafield ind1=' ' ind2=' ' tag='SID'><subfield code='a'>Z39</subfield><subfield code='b'>SKC-Z-SN</subfield></datafield><datafield ind1='0' ind2=' ' tag='090'><subfield code='b'>1</subfield></datafield></record>