
<record><leader>00000namZa22ZZZZZ7aZ4500</leader><controlfield tag='001'>000057216</controlfield><controlfield tag='003'>CZ-PrCZU</controlfield><controlfield tag='005'>20140521101649.0</controlfield><controlfield tag='008'>020805s2002----enk------bf---001-0-eng--</controlfield><datafield ind1=' ' ind2=' ' tag='015'><subfield code='a'>GBA2-Z7232</subfield></datafield><datafield ind1=' ' ind2=' ' tag='020'><subfield code='a'>0727916254</subfield></datafield><datafield ind1=' ' ind2=' ' tag='035'><subfield code='a'>(OCoLC)ocm48678994</subfield></datafield><datafield ind1=' ' ind2=' ' tag='040'><subfield code='a'>UKM</subfield><subfield code='c'>UKM</subfield><subfield code='d'>CUX</subfield><subfield code='d'>LHA</subfield><subfield code='d'>DAY</subfield><subfield code='d'>OCLCQ</subfield><subfield code='d'>OCL</subfield><subfield code='d'>BAKER</subfield><subfield code='d'>DLC</subfield><subfield code='d'>ABD026</subfield></datafield><datafield ind1=' ' ind2=' ' tag='042'><subfield code='a'>pcc</subfield></datafield><datafield ind1='0' ind2='0' tag='050'><subfield code='a'>T11</subfield><subfield code='b'>.S388 2002</subfield></datafield><datafield ind1='0' ind2='0' tag='245'><subfield code='a'>Scientific writing :</subfield><subfield code='b'>easy when you know how /</subfield><subfield code='c'>Jennifer Peat ... [et al.].</subfield></datafield><datafield ind1=' ' ind2=' ' tag='260'><subfield code='a'>London :</subfield><subfield code='b'>BMJ Books,</subfield><subfield code='c'>c2002.</subfield></datafield><datafield ind1=' ' ind2=' ' tag='300'><subfield code='a'>292 s ;</subfield><subfield code='c'>22 cm.</subfield></datafield><datafield ind1=' ' ind2=' ' tag='504'><subfield code='a'>Includes bibliographical references and index.</subfield></datafield><datafield ind1=' ' ind2='0' tag='650'><subfield code='a'>Technical writing.</subfield></datafield><datafield ind1='1' ind2=' ' tag='700'><subfield code='a'>Peat, Jennifer K.</subfield><subfield code='7'>xx0089908</subfield></datafield><datafield ind1=' ' ind2=' ' tag='CAT'><subfield code='a'>BATELKOVA</subfield><subfield code='b'>20</subfield><subfield code='c'>20090610</subfield><subfield code='l'>CZU01</subfield><subfield code='h'>1048</subfield></datafield><datafield ind1=' ' ind2=' ' tag='CAT'><subfield code='a'>batch</subfield><subfield code='b'>00</subfield><subfield code='c'>20120323</subfield><subfield code='l'>CZU01</subfield><subfield code='h'>1719</subfield></datafield><datafield ind1=' ' ind2=' ' tag='CAT'><subfield code='a'>KULHAVA</subfield><subfield code='b'>20</subfield><subfield code='c'>20140521</subfield><subfield code='l'>CZU01</subfield><subfield code='h'>1016</subfield></datafield><datafield ind1=' ' ind2=' ' tag='910'><subfield code='a'>ABD026</subfield></datafield><datafield ind1=' ' ind2=' ' tag='SID'><subfield code='a'>Z39</subfield><subfield code='b'>JIB-Z-SN</subfield></datafield><datafield ind1='0' ind2=' ' tag='090'><subfield code='b'>1</subfield></datafield></record>