
<record><leader>00000namZa22ZZZZZ7aZ4500</leader><controlfield tag='001'>000057214</controlfield><controlfield tag='003'>CZ-PrCZU</controlfield><controlfield tag='005'>20090609151712.0</controlfield><controlfield tag='008'>070813r20072004enk------d----000-0-eng--</controlfield><datafield ind1=' ' ind2=' ' tag='020'><subfield code='a'>9780199233465 (pbk.)</subfield></datafield><datafield ind1=' ' ind2=' ' tag='040'><subfield code='a'>DLC</subfield><subfield code='c'>DLC</subfield><subfield code='d'>DLC</subfield><subfield code='d'>ABD026</subfield></datafield><datafield ind1='0' ind2='0' tag='050'><subfield code='a'>PE1097</subfield><subfield code='b'>.S34 2007</subfield></datafield><datafield ind1=' ' ind2=' ' tag='080'><subfield code='a'>428.203</subfield><subfield code='2'>MRF</subfield></datafield><datafield ind1='1' ind2=' ' tag='100'><subfield code='a'>Seely, John,</subfield><subfield code='d'>1941-</subfield></datafield><datafield ind1='1' ind2='0' tag='245'><subfield code='a'>Oxford A-Z of grammar and punctuation /</subfield><subfield code='c'>John Seely.</subfield></datafield><datafield ind1=' ' ind2=' ' tag='260'><subfield code='a'>Oxford ;</subfield><subfield code='a'>New York :</subfield><subfield code='b'>Oxford University Press,</subfield><subfield code='c'>2007.</subfield></datafield><datafield ind1=' ' ind2=' ' tag='300'><subfield code='a'>148 s. ;</subfield><subfield code='c'>18 cm.</subfield></datafield><datafield ind1=' ' ind2=' ' tag='500'><subfield code='a'>Reprint of: 2004 ed.</subfield></datafield><datafield ind1=' ' ind2='0' tag='650'><subfield code='a'>English language</subfield><subfield code='x'>Grammar</subfield><subfield code='v'>Dictionaries.</subfield></datafield><datafield ind1=' ' ind2='0' tag='650'><subfield code='a'>English language</subfield><subfield code='x'>Punctuation</subfield><subfield code='v'>Dictionaries.</subfield></datafield><datafield ind1=' ' ind2=' ' tag='CAT'><subfield code='a'>BATELKOVA</subfield><subfield code='b'>20</subfield><subfield code='c'>20090609</subfield><subfield code='l'>CZU01</subfield><subfield code='h'>1515</subfield></datafield><datafield ind1=' ' ind2=' ' tag='CAT'><subfield code='a'>BATELKOVA</subfield><subfield code='b'>20</subfield><subfield code='c'>20090609</subfield><subfield code='l'>CZU01</subfield><subfield code='h'>1515</subfield></datafield><datafield ind1=' ' ind2=' ' tag='CAT'><subfield code='a'>BATELKOVA</subfield><subfield code='b'>20</subfield><subfield code='c'>20090609</subfield><subfield code='l'>CZU01</subfield><subfield code='h'>1517</subfield></datafield><datafield ind1=' ' ind2=' ' tag='CAT'><subfield code='a'>BATELKOVA</subfield><subfield code='b'>20</subfield><subfield code='c'>20090609</subfield><subfield code='l'>CZU01</subfield><subfield code='h'>1517</subfield></datafield><datafield ind1=' ' ind2=' ' tag='CAT'><subfield code='a'>batch</subfield><subfield code='b'>00</subfield><subfield code='c'>20120323</subfield><subfield code='l'>CZU01</subfield><subfield code='h'>1719</subfield></datafield><datafield ind1=' ' ind2=' ' tag='910'><subfield code='a'>ABD026</subfield></datafield><datafield ind1=' ' ind2=' ' tag='SID'><subfield code='a'>Z39</subfield><subfield code='b'>JIB-Z-SN</subfield></datafield><datafield ind1='0' ind2=' ' tag='090'><subfield code='b'>1</subfield></datafield></record>