
<record><leader>00000namZa22ZZZZZ7aZ4500</leader><controlfield tag='001'>000057213</controlfield><controlfield tag='003'>CZ-PrCZU</controlfield><controlfield tag='005'>20090609150754.0</controlfield><controlfield tag='008'>070822s2007----enk------b----001-0-eng--</controlfield><datafield ind1=' ' ind2=' ' tag='020'><subfield code='a'>9780199233458</subfield></datafield><datafield ind1=' ' ind2=' ' tag='040'><subfield code='a'>DLC</subfield><subfield code='c'>DLC</subfield><subfield code='d'>DLC</subfield><subfield code='d'>ABD026</subfield></datafield><datafield ind1='0' ind2='0' tag='050'><subfield code='a'>PE1408</subfield><subfield code='b'>.C87 2007</subfield></datafield><datafield ind1=' ' ind2=' ' tag='080'><subfield code='a'>808/.042</subfield><subfield code='2'>MRF</subfield></datafield><datafield ind1='1' ind2=' ' tag='100'><subfield code='a'>Cutts, Martin.</subfield></datafield><datafield ind1='1' ind2='0' tag='245'><subfield code='a'>Oxford guide to plain English /</subfield><subfield code='c'>Martin Cutts.</subfield></datafield><datafield ind1=' ' ind2=' ' tag='250'><subfield code='a'>2nd ed.</subfield></datafield><datafield ind1=' ' ind2=' ' tag='260'><subfield code='a'>Oxford ;</subfield><subfield code='a'>New York :</subfield><subfield code='b'>Oxford University Press,</subfield><subfield code='c'>2007.</subfield></datafield><datafield ind1=' ' ind2=' ' tag='300'><subfield code='a'>202 p. ;</subfield><subfield code='c'>18 cm.</subfield></datafield><datafield ind1=' ' ind2=' ' tag='500'><subfield code='a'>Reprint of a rev. ed. of: The quick reference plain English guide. 2004.</subfield></datafield><datafield ind1=' ' ind2=' ' tag='504'><subfield code='a'>Includes bibliographical references and index.</subfield></datafield><datafield ind1=' ' ind2='0' tag='650'><subfield code='a'>English language</subfield><subfield code='x'>Rhetoric</subfield><subfield code='v'>Handbooks, manuals, etc.</subfield></datafield><datafield ind1=' ' ind2='0' tag='650'><subfield code='a'>Report writing</subfield><subfield code='v'>Handbooks, manuals, etc.</subfield></datafield><datafield ind1=' ' ind2='0' tag='650'><subfield code='a'>English language</subfield><subfield code='x'>Grammar</subfield><subfield code='v'>Handbooks, manuals, etc.</subfield></datafield><datafield ind1=' ' ind2=' ' tag='CAT'><subfield code='a'>BATELKOVA</subfield><subfield code='b'>20</subfield><subfield code='c'>20090609</subfield><subfield code='l'>CZU01</subfield><subfield code='h'>1507</subfield></datafield><datafield ind1=' ' ind2=' ' tag='CAT'><subfield code='a'>batch</subfield><subfield code='b'>00</subfield><subfield code='c'>20120323</subfield><subfield code='l'>CZU01</subfield><subfield code='h'>1719</subfield></datafield><datafield ind1=' ' ind2=' ' tag='910'><subfield code='a'>ABD026</subfield></datafield><datafield ind1=' ' ind2=' ' tag='SID'><subfield code='a'>Z39</subfield><subfield code='b'>JIB-Z-SN</subfield></datafield><datafield ind1='0' ind2=' ' tag='090'><subfield code='b'>1</subfield></datafield></record>