
<record><leader>00000namZa22ZZZZZ7aZ4500</leader><controlfield tag='001'>000057212</controlfield><controlfield tag='003'>CZ-PrCZU</controlfield><controlfield tag='005'>20090609105255.0</controlfield><controlfield tag='008'>070502s2007----xxu-----------|||-0-eng-d</controlfield><datafield ind1=' ' ind2=' ' tag='020'><subfield code='a'>978-981-270-144-2</subfield><subfield code='z'>981-270-144-3</subfield></datafield><datafield ind1=' ' ind2=' ' tag='040'><subfield code='a'>ABD100</subfield><subfield code='b'>cze</subfield><subfield code='d'>ABD026</subfield></datafield><datafield ind1=' ' ind2=' ' tag='080'><subfield code='a'>81&apos;38:62=111</subfield><subfield code='2'>MRF</subfield></datafield><datafield ind1=' ' ind2=' ' tag='080'><subfield code='a'>62:81&apos;38=111</subfield><subfield code='2'>MRF</subfield></datafield><datafield ind1='1' ind2=' ' tag='100'><subfield code='a'>Lebrun, Jean-Luc</subfield><subfield code='4'>aut</subfield></datafield><datafield ind1='1' ind2='0' tag='245'><subfield code='a'>Scientific writing :</subfield><subfield code='b'>a reader and writer&apos;s guide /</subfield><subfield code='c'>Jean-Luc Lebrun.</subfield></datafield><datafield ind1=' ' ind2=' ' tag='260'><subfield code='a'>New Jersey :</subfield><subfield code='b'>World Scientific,</subfield><subfield code='c'>c2007.</subfield></datafield><datafield ind1=' ' ind2=' ' tag='300'><subfield code='a'>xii, 210 s.</subfield></datafield><datafield ind1=' ' ind2=' ' tag='504'><subfield code='a'>Obsahuje rejstřík</subfield></datafield><datafield ind1=' ' ind2='7' tag='650'><subfield code='a'>vědecký jazyk</subfield><subfield code='2'>psh</subfield></datafield><datafield ind1=' ' ind2='7' tag='650'><subfield code='a'>angličtina</subfield><subfield code='2'>psh</subfield></datafield><datafield ind1=' ' ind2='7' tag='655'><subfield code='a'>příručky</subfield><subfield code='7'>fd133209</subfield><subfield code='2'>czenas</subfield></datafield><datafield ind1=' ' ind2=' ' tag='CAT'><subfield code='a'>BATELKOVA</subfield><subfield code='b'>20</subfield><subfield code='c'>20090609</subfield><subfield code='l'>CZU01</subfield><subfield code='h'>1052</subfield></datafield><datafield ind1=' ' ind2=' ' tag='CAT'><subfield code='a'>BATELKOVA</subfield><subfield code='b'>20</subfield><subfield code='c'>20090609</subfield><subfield code='l'>CZU01</subfield><subfield code='h'>1052</subfield></datafield><datafield ind1=' ' ind2=' ' tag='CAT'><subfield code='a'>batch</subfield><subfield code='b'>00</subfield><subfield code='c'>20120323</subfield><subfield code='l'>CZU01</subfield><subfield code='h'>1719</subfield></datafield><datafield ind1=' ' ind2=' ' tag='910'><subfield code='a'>ABD026</subfield></datafield><datafield ind1=' ' ind2=' ' tag='900'><subfield code='a'>ABD100</subfield><subfield code='b'>12</subfield></datafield><datafield ind1=' ' ind2=' ' tag='998'><subfield code='a'>003184754</subfield></datafield><datafield ind1=' ' ind2=' ' tag='SID'><subfield code='a'>Z39</subfield><subfield code='b'>SKC-Z</subfield></datafield><datafield ind1='0' ind2=' ' tag='090'><subfield code='b'>1</subfield></datafield></record>