
<record><leader>00000namZa22ZZZZZ7aZ4500</leader><controlfield tag='001'>000057211</controlfield><controlfield tag='003'>CZ-PrCZU</controlfield><controlfield tag='005'>20090609094349.0</controlfield><controlfield tag='008'>070619s2007----gw-a-----b----001-0-eng--</controlfield><datafield ind1=' ' ind2=' ' tag='020'><subfield code='a'>9783540735885 (softcover : alk. paper)</subfield></datafield><datafield ind1=' ' ind2=' ' tag='040'><subfield code='a'>DLC</subfield><subfield code='c'>DLC</subfield><subfield code='d'>DLC</subfield><subfield code='d'>ABD026</subfield></datafield><datafield ind1='0' ind2='0' tag='050'><subfield code='a'>QA76.64</subfield><subfield code='b'>.E953 2007</subfield></datafield><datafield ind1='2' ind2=' ' tag='111'><subfield code='a'>ECOOP 2007</subfield><subfield code='d'>(2007 :</subfield><subfield code='c'>Berlin, Germany)</subfield></datafield><datafield ind1='1' ind2='0' tag='245'><subfield code='a'>ECOOP 2007-- object-oriented programming :</subfield><subfield code='b'>21st European conference, Berlin, Germany, July 30-August 3, 2007 : proceedings /</subfield><subfield code='c'>Erik Ernst (ed.).</subfield></datafield><datafield ind1=' ' ind2=' ' tag='260'><subfield code='a'>Berlin ;</subfield><subfield code='a'>New York :</subfield><subfield code='b'>Springer,</subfield><subfield code='c'>2007.</subfield></datafield><datafield ind1=' ' ind2=' ' tag='300'><subfield code='a'>xiii, 624 p. :</subfield><subfield code='b'>ill. ;</subfield><subfield code='c'>24 cm.</subfield></datafield><datafield ind1='0' ind2=' ' tag='490'><subfield code='a'>Lecture notes in computer science,</subfield><subfield code='x'>0302-9743 ;</subfield><subfield code='v'>4609</subfield></datafield><datafield ind1=' ' ind2=' ' tag='500'><subfield code='a'>&quot;The 21st European Conference on Object-Oriented Programming, ECOOP 2007&quot;--Pref.</subfield></datafield><datafield ind1=' ' ind2=' ' tag='504'><subfield code='a'>Includes bibliographical references and index.</subfield></datafield><datafield ind1=' ' ind2='0' tag='650'><subfield code='a'>Object-oriented programming (Computer science)</subfield><subfield code='v'>Congresses.</subfield></datafield><datafield ind1=' ' ind2='0' tag='650'><subfield code='a'>Object-oriented methods (Computer science)</subfield><subfield code='v'>Congresses.</subfield></datafield><datafield ind1='1' ind2=' ' tag='700'><subfield code='a'>Ernst, Erik.</subfield></datafield><datafield ind1=' ' ind2=' ' tag='CAT'><subfield code='a'>BATELKOVA</subfield><subfield code='b'>20</subfield><subfield code='c'>20090609</subfield><subfield code='l'>CZU01</subfield><subfield code='h'>0943</subfield></datafield><datafield ind1=' ' ind2=' ' tag='CAT'><subfield code='a'>BATELKOVA</subfield><subfield code='b'>20</subfield><subfield code='c'>20090609</subfield><subfield code='l'>CZU01</subfield><subfield code='h'>0943</subfield></datafield><datafield ind1=' ' ind2=' ' tag='CAT'><subfield code='a'>batch</subfield><subfield code='b'>00</subfield><subfield code='c'>20120323</subfield><subfield code='l'>CZU01</subfield><subfield code='h'>1719</subfield></datafield><datafield ind1=' ' ind2=' ' tag='910'><subfield code='a'>ABD026</subfield></datafield><datafield ind1=' ' ind2=' ' tag='SID'><subfield code='a'>Z39</subfield><subfield code='b'>JIB-Z-SN</subfield></datafield><datafield ind1='0' ind2=' ' tag='090'><subfield code='b'>1</subfield></datafield></record>