
<record><leader>00000namZa22ZZZZZ7aZ4500</leader><controlfield tag='001'>000057210</controlfield><controlfield tag='003'>CZ-PrCZU</controlfield><controlfield tag='005'>20090609093500.0</controlfield><controlfield tag='008'>080407s2008----ne-a---er----|001-0-eng-d</controlfield><datafield ind1=' ' ind2=' ' tag='020'><subfield code='a'>978-0-75-068656-3</subfield></datafield><datafield ind1=' ' ind2=' ' tag='040'><subfield code='a'>PND008</subfield><subfield code='b'>cze</subfield></datafield><datafield ind1=' ' ind2=' ' tag='080'><subfield code='a'>005.4</subfield><subfield code='2'>MRF-sel</subfield></datafield><datafield ind1='1' ind2=' ' tag='100'><subfield code='a'>Jeston, John</subfield><subfield code='4'>aut</subfield></datafield><datafield ind1='1' ind2='0' tag='245'><subfield code='a'>Business process management :</subfield><subfield code='b'>practical guidelines to successful implementations /</subfield><subfield code='c'>John Jeston, Johan Nelis</subfield></datafield><datafield ind1=' ' ind2=' ' tag='250'><subfield code='a'>2nd ed.</subfield></datafield><datafield ind1=' ' ind2=' ' tag='260'><subfield code='a'>Amsterdam :</subfield><subfield code='b'>Butterworth-Heinemann,</subfield><subfield code='c'>2008</subfield></datafield><datafield ind1=' ' ind2=' ' tag='300'><subfield code='a'>469 s. :</subfield><subfield code='b'>il.</subfield></datafield><datafield ind1=' ' ind2=' ' tag='504'><subfield code='a'>Obsahuje bibliografii a rejstřík</subfield></datafield><datafield ind1='0' ind2='7' tag='650'><subfield code='a'>procesní management</subfield><subfield code='7'>ph166531</subfield><subfield code='2'>czenas</subfield></datafield><datafield ind1='0' ind2=' ' tag='653'><subfield code='a'>řízení procesu</subfield><subfield code='a'>BPM</subfield></datafield><datafield ind1='1' ind2=' ' tag='700'><subfield code='a'>Nelis, Johan</subfield><subfield code='4'>aut</subfield></datafield><datafield ind1=' ' ind2=' ' tag='CAT'><subfield code='a'>BATELKOVA</subfield><subfield code='b'>20</subfield><subfield code='c'>20090609</subfield><subfield code='l'>CZU01</subfield><subfield code='h'>0934</subfield></datafield><datafield ind1=' ' ind2=' ' tag='CAT'><subfield code='a'>BATELKOVA</subfield><subfield code='b'>20</subfield><subfield code='c'>20090609</subfield><subfield code='l'>CZU01</subfield><subfield code='h'>0934</subfield></datafield><datafield ind1=' ' ind2=' ' tag='CAT'><subfield code='a'>BATELKOVA</subfield><subfield code='b'>20</subfield><subfield code='c'>20090609</subfield><subfield code='l'>CZU01</subfield><subfield code='h'>0935</subfield></datafield><datafield ind1=' ' ind2=' ' tag='CAT'><subfield code='a'>batch</subfield><subfield code='b'>00</subfield><subfield code='c'>20120323</subfield><subfield code='l'>CZU01</subfield><subfield code='h'>1719</subfield></datafield><datafield ind1=' ' ind2=' ' tag='910'><subfield code='a'>ABD026</subfield></datafield><datafield ind1=' ' ind2=' ' tag='900'><subfield code='a'>PND008</subfield><subfield code='b'>13</subfield></datafield><datafield ind1=' ' ind2=' ' tag='998'><subfield code='a'>003439115</subfield></datafield><datafield ind1=' ' ind2=' ' tag='SID'><subfield code='a'>Z39</subfield><subfield code='b'>SKC-Z-SN</subfield></datafield><datafield ind1='0' ind2=' ' tag='090'><subfield code='b'>2</subfield></datafield></record>