
<record><leader>00000namZa22ZZZZZ7aZ4500</leader><controlfield tag='001'>000057208</controlfield><controlfield tag='003'>CZ-PrCZU</controlfield><controlfield tag='005'>20090828110723.0</controlfield><controlfield tag='008'>080110s2008----xxua----------001-0-eng--</controlfield><datafield ind1=' ' ind2=' ' tag='020'><subfield code='a'>9780521614108 (pbk.)</subfield></datafield><datafield ind1=' ' ind2=' ' tag='040'><subfield code='a'>DLC</subfield><subfield code='c'>DLC</subfield><subfield code='d'>YDXCP</subfield><subfield code='d'>BAKER</subfield><subfield code='d'>BTCTA</subfield><subfield code='d'>C#P</subfield><subfield code='d'>OCLCQ</subfield><subfield code='d'>BWX</subfield><subfield code='d'>DLC</subfield><subfield code='d'>ABD026</subfield></datafield><datafield ind1=' ' ind2='7' tag='072'><subfield code='a'>510</subfield><subfield code='x'>Obecné úvahy o matematice</subfield><subfield code='2'>Konspekt</subfield><subfield code='9'>13</subfield></datafield><datafield ind1=' ' ind2=' ' tag='080'><subfield code='a'>510.5</subfield><subfield code='2'>MRF</subfield></datafield><datafield ind1=' ' ind2=' ' tag='080'><subfield code='a'>51:165</subfield><subfield code='2'>MRF</subfield></datafield><datafield ind1='1' ind2=' ' tag='100'><subfield code='a'>Edmonds, Jeff,</subfield><subfield code='d'>1963-</subfield><subfield code='4'>aut</subfield></datafield><datafield ind1='1' ind2='0' tag='245'><subfield code='a'>How to think about algorithms /</subfield><subfield code='c'>Jeff Edmonds.</subfield></datafield><datafield ind1=' ' ind2=' ' tag='260'><subfield code='a'>Cambridge ;</subfield><subfield code='a'>New York :</subfield><subfield code='b'>Cambridge University Press,</subfield><subfield code='c'>2008.</subfield></datafield><datafield ind1=' ' ind2=' ' tag='300'><subfield code='a'>xiii, 448 s. :</subfield><subfield code='b'>il. ;</subfield><subfield code='c'>25 cm.</subfield></datafield><datafield ind1=' ' ind2=' ' tag='504'><subfield code='a'>Obsahuje rejstřík</subfield></datafield><datafield ind1=' ' ind2='7' tag='650'><subfield code='a'>algoritmy</subfield><subfield code='7'>ph114026</subfield><subfield code='2'>czenas</subfield></datafield><datafield ind1=' ' ind2='7' tag='650'><subfield code='a'>matematické myšlení</subfield><subfield code='7'>ph122675</subfield><subfield code='2'>czenas</subfield></datafield><datafield ind1=' ' ind2='7' tag='650'><subfield code='a'>teorie grup</subfield><subfield code='7'>ph126556</subfield><subfield code='2'>czenas</subfield></datafield><datafield ind1=' ' ind2='0' tag='650'><subfield code='a'>Algorithms</subfield><subfield code='x'>Study and teaching.</subfield></datafield><datafield ind1=' ' ind2='0' tag='650'><subfield code='a'>Loops (Group theory)</subfield><subfield code='x'>Study and teaching.</subfield></datafield><datafield ind1=' ' ind2='0' tag='650'><subfield code='a'>Invariants</subfield><subfield code='x'>Study and teaching.</subfield></datafield><datafield ind1=' ' ind2='0' tag='650'><subfield code='a'>Recursion theory</subfield><subfield code='x'>Study and teaching.</subfield></datafield><datafield ind1=' ' ind2='7' tag='655'><subfield code='a'>monografie</subfield><subfield code='7'>fd132842</subfield><subfield code='2'>czenas</subfield></datafield><datafield ind1=' ' ind2=' ' tag='CAT'><subfield code='a'>BATELKOVA</subfield><subfield code='b'>20</subfield><subfield code='c'>20090609</subfield><subfield code='l'>CZU01</subfield><subfield code='h'>0919</subfield></datafield><datafield ind1=' ' ind2=' ' tag='CAT'><subfield code='a'>BATELKOVA</subfield><subfield code='b'>20</subfield><subfield code='c'>20090609</subfield><subfield code='l'>CZU01</subfield><subfield code='h'>0920</subfield></datafield><datafield ind1=' ' ind2=' ' tag='CAT'><subfield code='a'>KULHAVA</subfield><subfield code='b'>20</subfield><subfield code='c'>20090729</subfield><subfield code='l'>CZU01</subfield><subfield code='h'>1231</subfield></datafield><datafield ind1=' ' ind2=' ' tag='CAT'><subfield code='a'>NEMECKOVA</subfield><subfield code='b'>20</subfield><subfield code='c'>20090828</subfield><subfield code='l'>CZU01</subfield><subfield code='h'>1107</subfield></datafield><datafield ind1=' ' ind2=' ' tag='CAT'><subfield code='a'>batch</subfield><subfield code='b'>00</subfield><subfield code='c'>20120323</subfield><subfield code='l'>CZU01</subfield><subfield code='h'>1719</subfield></datafield><datafield ind1=' ' ind2=' ' tag='910'><subfield code='a'>ABD026</subfield></datafield><datafield ind1=' ' ind2=' ' tag='SID'><subfield code='a'>Z39</subfield><subfield code='b'>JIB-Z</subfield></datafield><datafield ind1='0' ind2=' ' tag='090'><subfield code='b'>1</subfield></datafield></record>