
<record><leader>00000namZa22ZZZZZ7aZ4500</leader><controlfield tag='001'>000057206</controlfield><controlfield tag='003'>CZ-PrCZU</controlfield><controlfield tag='005'>20090609083535.0</controlfield><controlfield tag='008'>950331r19951991ne-a-----b----001-0-eng--</controlfield><datafield ind1=' ' ind2=' ' tag='020'><subfield code='a'>0262720248 (pbk. : alk. paper)</subfield></datafield><datafield ind1=' ' ind2=' ' tag='040'><subfield code='a'>DLC</subfield><subfield code='c'>DLC</subfield><subfield code='d'>DLC</subfield><subfield code='d'>ABD026</subfield></datafield><datafield ind1=' ' ind2=' ' tag='080'><subfield code='a'>401/.43</subfield><subfield code='2'>MRF</subfield></datafield><datafield ind1='1' ind2=' ' tag='100'><subfield code='a'>Benthem, J. F. A. K. van,</subfield><subfield code='d'>1949-</subfield></datafield><datafield ind1='1' ind2='0' tag='245'><subfield code='a'>Language in action :</subfield><subfield code='b'>categories, lambdas, and dynamic logic /</subfield><subfield code='c'>Johan van Benthem.</subfield></datafield><datafield ind1=' ' ind2=' ' tag='250'><subfield code='a'>1st ed.</subfield></datafield><datafield ind1=' ' ind2=' ' tag='260'><subfield code='a'>Amsterdam :</subfield><subfield code='b'>North-Holland ;</subfield><subfield code='a'>Cambridge, Mass. :</subfield><subfield code='b'>MIT Press,</subfield><subfield code='c'>1995.</subfield></datafield><datafield ind1=' ' ind2=' ' tag='300'><subfield code='a'>365 s. :</subfield><subfield code='b'>ill. ;</subfield><subfield code='c'>23 cm.</subfield></datafield><datafield ind1=' ' ind2=' ' tag='500'><subfield code='a'>Originally published: Amsterdam ; New York : North-Holland, 1991. With new Addenda.</subfield></datafield><datafield ind1=' ' ind2=' ' tag='504'><subfield code='a'>Includes bibliographical references (p. 327-344) and index.</subfield></datafield><datafield ind1=' ' ind2='0' tag='650'><subfield code='a'>Language and logic.</subfield></datafield><datafield ind1=' ' ind2='0' tag='650'><subfield code='a'>Categorial grammar.</subfield></datafield><datafield ind1=' ' ind2='0' tag='650'><subfield code='a'>Lambda calculus.</subfield></datafield><datafield ind1=' ' ind2='0' tag='650'><subfield code='a'>Logic, Symbolic and mathematical.</subfield></datafield><datafield ind1=' ' ind2='0' tag='650'><subfield code='a'>Mathematical linguistics.</subfield></datafield><datafield ind1=' ' ind2=' ' tag='CAT'><subfield code='a'>BATELKOVA</subfield><subfield code='b'>20</subfield><subfield code='c'>20090609</subfield><subfield code='l'>CZU01</subfield><subfield code='h'>0835</subfield></datafield><datafield ind1=' ' ind2=' ' tag='CAT'><subfield code='a'>BATELKOVA</subfield><subfield code='b'>20</subfield><subfield code='c'>20090609</subfield><subfield code='l'>CZU01</subfield><subfield code='h'>0835</subfield></datafield><datafield ind1=' ' ind2=' ' tag='CAT'><subfield code='a'>batch</subfield><subfield code='b'>00</subfield><subfield code='c'>20120323</subfield><subfield code='l'>CZU01</subfield><subfield code='h'>1719</subfield></datafield><datafield ind1=' ' ind2=' ' tag='910'><subfield code='a'>ABD026</subfield></datafield><datafield ind1=' ' ind2=' ' tag='SID'><subfield code='a'>Z39</subfield><subfield code='b'>JIB-Z-SN</subfield></datafield><datafield ind1='0' ind2=' ' tag='090'><subfield code='b'>1</subfield></datafield></record>