
<record><leader>00000namZa22ZZZZZ7aZ4500</leader><controlfield tag='001'>000057115</controlfield><controlfield tag='003'>CZ-PrCZU</controlfield><controlfield tag='005'>20090520114019.0</controlfield><controlfield tag='007'>ta</controlfield><controlfield tag='008'>051004-2005----xr------------0-0-0-cze-d</controlfield><datafield ind1=' ' ind2=' ' tag='020'><subfield code='a'>80-210-3699-0 (2005)</subfield></datafield><datafield ind1=' ' ind2=' ' tag='040'><subfield code='a'>BOA001</subfield><subfield code='b'>cze</subfield><subfield code='d'>ABD026</subfield></datafield><datafield ind1='0' ind2=' ' tag='041'><subfield code='a'>cze</subfield><subfield code='a'>eng</subfield></datafield><datafield ind1='2' ind2=' ' tag='111'><subfield code='a'>SCO (konference)</subfield><subfield code='7'>kn20051101019</subfield></datafield><datafield ind1='1' ind2='0' tag='245'><subfield code='a'>SCO 2005. :</subfield><subfield code='b'>2. ročník konference o elektronické podpoře výuky</subfield></datafield><datafield ind1='3' ind2='3' tag='246'><subfield code='a'>Sharable Content Objects</subfield></datafield><datafield ind1='3' ind2='4' tag='246'><subfield code='a'>Sborník 2. ročníku konference o elektronické podpoře výuky</subfield></datafield><datafield ind1=' ' ind2=' ' tag='260'><subfield code='a'>Brno :</subfield><subfield code='b'>Masarykova univerzita.</subfield><subfield code='c'>2005</subfield></datafield><datafield ind1=' ' ind2=' ' tag='300'><subfield code='a'>242 s.;</subfield><subfield code='e'>+ CDROM</subfield></datafield><datafield ind1=' ' ind2=' ' tag='310'><subfield code='a'>Periodicita není známa</subfield></datafield><datafield ind1=' ' ind2=' ' tag='500'><subfield code='a'>Jednotlivé svazky mají vlastní ISBN</subfield></datafield><datafield ind1=' ' ind2=' ' tag='500'><subfield code='a'>Součástí podnázvu je označení pořadí konference</subfield></datafield><datafield ind1=' ' ind2=' ' tag='500'><subfield code='a'>SoučasněPříl. na CD-ROMu zprac. samostatně</subfield></datafield><datafield ind1='0' ind2=' ' tag='776'><subfield code='t'>SCO ...</subfield></datafield><datafield ind1=' ' ind2=' ' tag='CAT'><subfield code='a'>BATELKOVA</subfield><subfield code='b'>20</subfield><subfield code='c'>20090520</subfield><subfield code='l'>CZU01</subfield><subfield code='h'>1135</subfield></datafield><datafield ind1=' ' ind2=' ' tag='CAT'><subfield code='a'>BATELKOVA</subfield><subfield code='b'>20</subfield><subfield code='c'>20090520</subfield><subfield code='l'>CZU01</subfield><subfield code='h'>1138</subfield></datafield><datafield ind1=' ' ind2=' ' tag='CAT'><subfield code='a'>BATELKOVA</subfield><subfield code='b'>20</subfield><subfield code='c'>20090520</subfield><subfield code='l'>CZU01</subfield><subfield code='h'>1140</subfield></datafield><datafield ind1=' ' ind2=' ' tag='910'><subfield code='a'>ABD026</subfield></datafield><datafield ind1=' ' ind2=' ' tag='SID'><subfield code='a'>Z39</subfield><subfield code='b'>JIB-Z-SN</subfield></datafield><datafield ind1='0' ind2=' ' tag='090'><subfield code='b'>1</subfield></datafield></record>