
<record><leader>00000namZa22ZZZZZ7aZ4500</leader><controlfield tag='001'>000057049</controlfield><controlfield tag='003'>CZ-PrCZU</controlfield><controlfield tag='005'>20090518085824.0</controlfield><controlfield tag='007'>ta</controlfield><controlfield tag='008'>071003s2007----xr-a---f------000-0-cze--</controlfield><datafield ind1=' ' ind2=' ' tag='020'><subfield code='a'>978-80-247-2252-8 (brož.)</subfield></datafield><datafield ind1=' ' ind2=' ' tag='035'><subfield code='a'>(OCoLC)228498560</subfield></datafield><datafield ind1=' ' ind2=' ' tag='040'><subfield code='a'>BOA001</subfield><subfield code='b'>cze</subfield><subfield code='d'>ABA001</subfield></datafield><datafield ind1=' ' ind2='7' tag='072'><subfield code='a'>005</subfield><subfield code='x'>Management. Řízení</subfield><subfield code='2'>Konspekt</subfield><subfield code='9'>4</subfield></datafield><datafield ind1=' ' ind2=' ' tag='080'><subfield code='a'>005.5</subfield><subfield code='2'>MRF</subfield></datafield><datafield ind1=' ' ind2=' ' tag='080'><subfield code='a'>005.591</subfield><subfield code='2'>MRF</subfield></datafield><datafield ind1=' ' ind2=' ' tag='080'><subfield code='a'>004.94</subfield><subfield code='2'>MRF</subfield></datafield><datafield ind1=' ' ind2=' ' tag='080'><subfield code='a'>[007+004]:658</subfield><subfield code='2'>MRF</subfield></datafield><datafield ind1=' ' ind2=' ' tag='080'><subfield code='a'>(048.8)</subfield><subfield code='2'>MRF</subfield></datafield><datafield ind1='1' ind2=' ' tag='100'><subfield code='a'>Řepa, Václav,</subfield><subfield code='d'>1958-</subfield><subfield code='7'>skuk0004940</subfield><subfield code='4'>aut</subfield></datafield><datafield ind1='1' ind2='0' tag='245'><subfield code='a'>Podnikové procesy :</subfield><subfield code='b'>procesní řízení a modelování /</subfield><subfield code='c'>Václav Řepa</subfield></datafield><datafield ind1=' ' ind2=' ' tag='250'><subfield code='a'>2., aktualiz. a rozš. vyd.</subfield></datafield><datafield ind1=' ' ind2=' ' tag='260'><subfield code='a'>Praha :</subfield><subfield code='b'>Grada,</subfield><subfield code='c'>2007</subfield></datafield><datafield ind1=' ' ind2=' ' tag='300'><subfield code='a'>281 s. :</subfield><subfield code='b'>il. ;</subfield><subfield code='c'>24 cm</subfield></datafield><datafield ind1='1' ind2=' ' tag='490'><subfield code='a'>Management v informační společnosti</subfield></datafield><datafield ind1=' ' ind2=' ' tag='500'><subfield code='a'>V prelimináriích uvedeno: Česká společnost pro systémovou integraci</subfield></datafield><datafield ind1=' ' ind2=' ' tag='504'><subfield code='a'>Obsahuje bibliografii</subfield></datafield><datafield ind1='0' ind2='7' tag='650'><subfield code='a'>procesní management</subfield><subfield code='7'>ph166531</subfield><subfield code='2'>czenas</subfield></datafield><datafield ind1='0' ind2='7' tag='650'><subfield code='a'>reengineering</subfield><subfield code='7'>ph125054</subfield><subfield code='2'>czenas</subfield></datafield><datafield ind1='0' ind2='7' tag='650'><subfield code='a'>modelování a simulace</subfield><subfield code='7'>ph125543</subfield><subfield code='2'>czenas</subfield></datafield><datafield ind1='0' ind2='7' tag='650'><subfield code='a'>podnikové informační systémy</subfield><subfield code='7'>ph121104</subfield><subfield code='2'>czenas</subfield></datafield><datafield ind1='0' ind2='9' tag='650'><subfield code='a'>process management</subfield><subfield code='2'>eczenas</subfield></datafield><datafield ind1='0' ind2='9' tag='650'><subfield code='a'>reengineering (management)</subfield><subfield code='2'>eczenas</subfield></datafield><datafield ind1='0' ind2='9' tag='650'><subfield code='a'>modeling and simulation</subfield><subfield code='2'>eczenas</subfield></datafield><datafield ind1='0' ind2='9' tag='650'><subfield code='a'>management information systems</subfield><subfield code='2'>eczenas</subfield></datafield><datafield ind1=' ' ind2='7' tag='655'><subfield code='a'>monografie</subfield><subfield code='7'>fd132842</subfield><subfield code='2'>czenas</subfield></datafield><datafield ind1=' ' ind2='9' tag='655'><subfield code='a'>monographs</subfield><subfield code='2'>eczenas</subfield></datafield><datafield ind1='2' ind2=' ' tag='710'><subfield code='a'>Česká společnost pro systémovou integraci</subfield><subfield code='7'>ko2002100958</subfield></datafield><datafield ind1=' ' ind2='0' tag='830'><subfield code='a'>Management v informační společnosti</subfield><subfield code='0'>s</subfield></datafield><datafield ind1=' ' ind2=' ' tag='CAT'><subfield code='a'>BATELKOVA</subfield><subfield code='b'>20</subfield><subfield code='c'>20090518</subfield><subfield code='l'>CZU01</subfield><subfield code='h'>0857</subfield></datafield><datafield ind1=' ' ind2=' ' tag='CAT'><subfield code='a'>BATELKOVA</subfield><subfield code='b'>20</subfield><subfield code='c'>20090518</subfield><subfield code='l'>CZU01</subfield><subfield code='h'>0858</subfield></datafield><datafield ind1=' ' ind2=' ' tag='CAT'><subfield code='c'>20091215</subfield><subfield code='l'>CZU01</subfield><subfield code='h'>1326</subfield></datafield><datafield ind1=' ' ind2=' ' tag='CAT'><subfield code='a'>batch</subfield><subfield code='b'>00</subfield><subfield code='c'>20120323</subfield><subfield code='l'>CZU01</subfield><subfield code='h'>1719</subfield></datafield><datafield ind1=' ' ind2=' ' tag='910'><subfield code='a'>ABD026</subfield></datafield><datafield ind1='1' ind2=' ' tag='928'><subfield code='a'>Grada Publishing</subfield></datafield><datafield ind1=' ' ind2=' ' tag='SID'><subfield code='a'>Z39</subfield><subfield code='b'>NKC-Z-SN</subfield></datafield><datafield ind1='0' ind2=' ' tag='090'><subfield code='b'>2</subfield></datafield></record>