
<record><leader>00000namZa22ZZZZZ7aZ4500</leader><controlfield tag='001'>000057043</controlfield><controlfield tag='003'>CZ-PrCZU</controlfield><controlfield tag='005'>20090514142556.0</controlfield><controlfield tag='007'>ta</controlfield><controlfield tag='008'>080430s2007----xr-a---e-f----001-0-cze--</controlfield><datafield ind1=' ' ind2=' ' tag='020'><subfield code='a'>978-80-7232-328-9 (brož.)</subfield></datafield><datafield ind1=' ' ind2=' ' tag='035'><subfield code='a'>(OCoLC)236564875</subfield></datafield><datafield ind1=' ' ind2=' ' tag='040'><subfield code='a'>ABA001</subfield><subfield code='b'>cze</subfield><subfield code='d'>ABD026</subfield></datafield><datafield ind1=' ' ind2='7' tag='072'><subfield code='a'>004.4/.6</subfield><subfield code='x'>Programové vybavení. Programové prostředky</subfield><subfield code='2'>Konspekt</subfield><subfield code='9'>23</subfield></datafield><datafield ind1=' ' ind2=' ' tag='080'><subfield code='a'>004.438Java</subfield><subfield code='2'>MRF</subfield></datafield><datafield ind1=' ' ind2=' ' tag='080'><subfield code='a'>004.514</subfield><subfield code='2'>MRF</subfield></datafield><datafield ind1=' ' ind2=' ' tag='080'><subfield code='a'>004.42</subfield><subfield code='2'>MRF</subfield></datafield><datafield ind1=' ' ind2=' ' tag='080'><subfield code='a'>(035)</subfield><subfield code='2'>MRF</subfield></datafield><datafield ind1='1' ind2=' ' tag='100'><subfield code='a'>Herout, Pavel,</subfield><subfield code='d'>1961-</subfield><subfield code='7'>jn20010601375</subfield><subfield code='4'>aut</subfield></datafield><datafield ind1='1' ind2='0' tag='245'><subfield code='a'>Java :</subfield><subfield code='b'>grafické uživatelské prostředí a čeština /</subfield><subfield code='c'>Pavel Herout</subfield></datafield><datafield ind1='1' ind2='5' tag='246'><subfield code='a'>Java - grafické uživatelské prostředí a čeština</subfield></datafield><datafield ind1=' ' ind2=' ' tag='250'><subfield code='a'>2. vyd.</subfield></datafield><datafield ind1=' ' ind2=' ' tag='260'><subfield code='a'>České Budějovice :</subfield><subfield code='b'>Kopp,</subfield><subfield code='c'>2007</subfield></datafield><datafield ind1=' ' ind2=' ' tag='300'><subfield code='a'>316 s. :</subfield><subfield code='b'>il. ;</subfield><subfield code='c'>20 cm</subfield></datafield><datafield ind1=' ' ind2=' ' tag='504'><subfield code='a'>Obsahuje bibliografii a rejstřík</subfield></datafield><datafield ind1='0' ind2='7' tag='650'><subfield code='a'>Java</subfield><subfield code='7'>ph117027</subfield><subfield code='2'>czenas</subfield></datafield><datafield ind1='0' ind2='7' tag='650'><subfield code='a'>grafická uživatelská rozhraní</subfield><subfield code='7'>ph278590</subfield><subfield code='2'>czenas</subfield></datafield><datafield ind1='0' ind2='7' tag='650'><subfield code='a'>programování</subfield><subfield code='7'>ph115891</subfield><subfield code='2'>czenas</subfield></datafield><datafield ind1='0' ind2='9' tag='650'><subfield code='a'>Java</subfield><subfield code='2'>eczenas</subfield></datafield><datafield ind1='0' ind2='9' tag='650'><subfield code='a'>graphical user interfaces</subfield><subfield code='2'>eczenas</subfield></datafield><datafield ind1='0' ind2='9' tag='650'><subfield code='a'>programming</subfield><subfield code='2'>eczenas</subfield></datafield><datafield ind1=' ' ind2='7' tag='655'><subfield code='a'>příručky</subfield><subfield code='7'>fd133209</subfield><subfield code='2'>czenas</subfield></datafield><datafield ind1=' ' ind2='9' tag='655'><subfield code='a'>handbooks, manuals, etc</subfield><subfield code='2'>eczenas</subfield></datafield><datafield ind1=' ' ind2=' ' tag='CAT'><subfield code='a'>BATELKOVA</subfield><subfield code='b'>20</subfield><subfield code='c'>20090514</subfield><subfield code='l'>CZU01</subfield><subfield code='h'>1425</subfield></datafield><datafield ind1=' ' ind2=' ' tag='CAT'><subfield code='a'>BATELKOVA</subfield><subfield code='b'>20</subfield><subfield code='c'>20090514</subfield><subfield code='l'>CZU01</subfield><subfield code='h'>1425</subfield></datafield><datafield ind1=' ' ind2=' ' tag='CAT'><subfield code='a'>batch</subfield><subfield code='b'>00</subfield><subfield code='c'>20120323</subfield><subfield code='l'>CZU01</subfield><subfield code='h'>1719</subfield></datafield><datafield ind1=' ' ind2=' ' tag='910'><subfield code='a'>ABD026</subfield></datafield><datafield ind1=' ' ind2=' ' tag='SID'><subfield code='a'>Z39</subfield><subfield code='b'>NKC-Z-SN</subfield></datafield><datafield ind1='0' ind2=' ' tag='090'><subfield code='b'>1</subfield></datafield></record>