
<record><leader>00000namZa22ZZZZZ7aZ4500</leader><controlfield tag='001'>000056982</controlfield><controlfield tag='003'>CZ-PrCZU</controlfield><controlfield tag='005'>20130121110203.0</controlfield><controlfield tag='008'>090327s2009----xxk-----------|||-||eng-d</controlfield><datafield ind1=' ' ind2=' ' tag='020'><subfield code='a'>978-1-60566-218-3</subfield></datafield><datafield ind1=' ' ind2=' ' tag='040'><subfield code='a'>ABB055</subfield><subfield code='b'>cze</subfield><subfield code='d'>ABD026</subfield></datafield><datafield ind1=' ' ind2=' ' tag='080'><subfield code='a'>519.72</subfield><subfield code='2'>MRF</subfield></datafield><datafield ind1=' ' ind2=' ' tag='080'><subfield code='a'>005</subfield><subfield code='2'>MRF</subfield></datafield><datafield ind1=' ' ind2=' ' tag='080'><subfield code='a'>004.659</subfield><subfield code='2'>MRF</subfield></datafield><datafield ind1='1' ind2=' ' tag='100'><subfield code='a'>Berka, Petr</subfield><subfield code='7'>mzk2009534883</subfield><subfield code='4'>aut</subfield></datafield><datafield ind1='1' ind2='0' tag='245'><subfield code='a'>Data mining and medical knowladge management :</subfield><subfield code='b'>cases and applications /</subfield><subfield code='c'>Petr Berka, Jan Rauch, Djamel Abdelkader Zighed</subfield></datafield><datafield ind1=' ' ind2=' ' tag='250'><subfield code='a'>1st ed.</subfield></datafield><datafield ind1=' ' ind2=' ' tag='260'><subfield code='a'>London :</subfield><subfield code='b'>Information Science Reference (an imprint of IGI Global),</subfield><subfield code='a'>Hershey :</subfield><subfield code='b'>Information Science Reference (an imprint of IGI Global),</subfield><subfield code='c'>2009</subfield></datafield><datafield ind1=' ' ind2=' ' tag='300'><subfield code='a'>440 s.</subfield></datafield><datafield ind1='0' ind2=' ' tag='490'><subfield code='a'>Premier Reference Source</subfield></datafield><datafield ind1='0' ind2='7' tag='650'><subfield code='a'>teorie informace</subfield><subfield code='7'>ph126560</subfield><subfield code='2'>czenas</subfield></datafield><datafield ind1='0' ind2='7' tag='650'><subfield code='a'>management</subfield><subfield code='7'>ph115217</subfield><subfield code='2'>czenas</subfield></datafield><datafield ind1='0' ind2='7' tag='650'><subfield code='a'>dolování dat</subfield><subfield code='7'>ph165954</subfield><subfield code='2'>czenas</subfield></datafield><datafield ind1='1' ind2=' ' tag='700'><subfield code='a'>Rauch, Jan,</subfield><subfield code='d'>1948-</subfield><subfield code='7'>jn20001227021</subfield><subfield code='4'>aut</subfield></datafield><datafield ind1='1' ind2=' ' tag='700'><subfield code='a'>Zighed, Djamel Abdelkader</subfield><subfield code='4'>aut</subfield></datafield><datafield ind1=' ' ind2=' ' tag='CAT'><subfield code='a'>BATELKOVA</subfield><subfield code='b'>20</subfield><subfield code='c'>20090427</subfield><subfield code='l'>CZU01</subfield><subfield code='h'>1106</subfield></datafield><datafield ind1=' ' ind2=' ' tag='CAT'><subfield code='a'>BATELKOVA</subfield><subfield code='b'>20</subfield><subfield code='c'>20090427</subfield><subfield code='l'>CZU01</subfield><subfield code='h'>1107</subfield></datafield><datafield ind1=' ' ind2=' ' tag='CAT'><subfield code='a'>batch</subfield><subfield code='b'>00</subfield><subfield code='c'>20120323</subfield><subfield code='l'>CZU01</subfield><subfield code='h'>1719</subfield></datafield><datafield ind1=' ' ind2=' ' tag='CAT'><subfield code='a'>KULHAVA</subfield><subfield code='b'>20</subfield><subfield code='c'>20120726</subfield><subfield code='l'>CZU01</subfield><subfield code='h'>1053</subfield></datafield><datafield ind1=' ' ind2=' ' tag='CAT'><subfield code='a'>KULHAVA</subfield><subfield code='b'>20</subfield><subfield code='c'>20130121</subfield><subfield code='l'>CZU01</subfield><subfield code='h'>1102</subfield></datafield><datafield ind1=' ' ind2=' ' tag='910'><subfield code='a'>ABD026</subfield></datafield><datafield ind1=' ' ind2=' ' tag='SID'><subfield code='a'>Z39</subfield><subfield code='b'>SKC-Z-SN</subfield></datafield><datafield ind1='0' ind2=' ' tag='090'><subfield code='b'>1</subfield></datafield></record>