
<record><leader>00000namZa22ZZZZZ7aZ4500</leader><controlfield tag='001'>000056981</controlfield><controlfield tag='003'>CZ-PrCZU</controlfield><controlfield tag='005'>20130124132053.0</controlfield><controlfield tag='008'>070123s2006----cc-a----------001-0-eng--</controlfield><datafield ind1='7' ind2=' ' tag='016'><subfield code='a'>013459279</subfield><subfield code='2'>Uk</subfield></datafield><datafield ind1=' ' ind2=' ' tag='020'><subfield code='a'>9780596101831 (pbk.)</subfield></datafield><datafield ind1=' ' ind2=' ' tag='020'><subfield code='a'>059610183X (pbk.)</subfield></datafield><datafield ind1=' ' ind2=' ' tag='035'><subfield code='a'>(OCoLC)68262107</subfield></datafield><datafield ind1=' ' ind2=' ' tag='040'><subfield code='a'>UKM</subfield><subfield code='c'>UKM</subfield><subfield code='d'>BAKER</subfield><subfield code='d'>JRZ</subfield><subfield code='d'>C#P</subfield><subfield code='d'>YDXCP</subfield><subfield code='d'>LVB</subfield><subfield code='d'>DLC</subfield><subfield code='d'>ABD026</subfield></datafield><datafield ind1=' ' ind2=' ' tag='042'><subfield code='a'>lccopycat</subfield></datafield><datafield ind1='0' ind2='0' tag='050'><subfield code='a'>QA76.76.O63</subfield><subfield code='b'>B7443 2006</subfield></datafield><datafield ind1='1' ind2=' ' tag='100'><subfield code='a'>Brown, Chris.</subfield></datafield><datafield ind1='1' ind2='0' tag='245'><subfield code='a'>SUSE Linux /</subfield><subfield code='c'>Chris Brown.</subfield></datafield><datafield ind1=' ' ind2=' ' tag='250'><subfield code='a'>1st ed.</subfield></datafield><datafield ind1=' ' ind2=' ' tag='260'><subfield code='a'>Beijing ;</subfield><subfield code='a'>Sebastopol :</subfield><subfield code='b'>O&apos;Reilly,</subfield><subfield code='c'>c2006.</subfield></datafield><datafield ind1=' ' ind2=' ' tag='300'><subfield code='a'>xiii, 430 p. :</subfield><subfield code='b'>ill. ;</subfield><subfield code='c'>24 cm.</subfield></datafield><datafield ind1=' ' ind2=' ' tag='500'><subfield code='a'>&quot;A complete guide to Novell&apos;s community distribution&quot;--Cover.</subfield></datafield><datafield ind1=' ' ind2=' ' tag='500'><subfield code='a'>Includes index.</subfield></datafield><datafield ind1='0' ind2='0' tag='630'><subfield code='a'>Linux.</subfield></datafield><datafield ind1=' ' ind2='0' tag='650'><subfield code='a'>Operating systems (Computers)</subfield></datafield><datafield ind1='0' ind2='6' tag='630'><subfield code='a'>Linux (Système d&apos;exploitation des ordinateurs)</subfield></datafield><datafield ind1='4' ind2='1' tag='856'><subfield code='3'>Table of contents only</subfield><subfield code='u'>http://www.loc.gov/catdir/toc/fy0706/2007270108.html</subfield></datafield><datafield ind1='4' ind2='2' tag='856'><subfield code='3'>Publisher description</subfield><subfield code='u'>http://www.loc.gov/catdir/enhancements/fy0715/2007270108-d.html</subfield></datafield><datafield ind1=' ' ind2=' ' tag='CAT'><subfield code='a'>BATELKOVA</subfield><subfield code='b'>20</subfield><subfield code='c'>20090427</subfield><subfield code='l'>CZU01</subfield><subfield code='h'>1054</subfield></datafield><datafield ind1=' ' ind2=' ' tag='CAT'><subfield code='a'>BATELKOVA</subfield><subfield code='b'>20</subfield><subfield code='c'>20090427</subfield><subfield code='l'>CZU01</subfield><subfield code='h'>1102</subfield></datafield><datafield ind1=' ' ind2=' ' tag='CAT'><subfield code='a'>batch</subfield><subfield code='b'>00</subfield><subfield code='c'>20120323</subfield><subfield code='l'>CZU01</subfield><subfield code='h'>1719</subfield></datafield><datafield ind1=' ' ind2=' ' tag='CAT'><subfield code='a'>KULHAVA</subfield><subfield code='b'>20</subfield><subfield code='c'>20130124</subfield><subfield code='l'>CZU01</subfield><subfield code='h'>1320</subfield></datafield><datafield ind1=' ' ind2=' ' tag='910'><subfield code='a'>ABD026</subfield></datafield><datafield ind1=' ' ind2=' ' tag='SID'><subfield code='a'>Z39</subfield><subfield code='b'>JIB-Z-SN</subfield></datafield><datafield ind1='0' ind2=' ' tag='090'><subfield code='b'>1</subfield></datafield></record>