
<record><leader>00000namZa22ZZZZZ7aZ4500</leader><controlfield tag='001'>000056598</controlfield><controlfield tag='003'>CZ-PrCZU</controlfield><controlfield tag='005'>20090223145008.0</controlfield><controlfield tag='008'>080130s2007----xxu-----------|||-||eng--</controlfield><datafield ind1=' ' ind2=' ' tag='020'><subfield code='a'>978-0-8379-1140-3</subfield></datafield><datafield ind1=' ' ind2=' ' tag='040'><subfield code='a'>BOB012</subfield><subfield code='b'>cze</subfield><subfield code='d'>ABD026</subfield></datafield><datafield ind1='0' ind2=' ' tag='041'><subfield code='a'>eng</subfield></datafield><datafield ind1=' ' ind2=' ' tag='044'><subfield code='a'>xxu</subfield></datafield><datafield ind1=' ' ind2='7' tag='072'><subfield code='a'>030</subfield><subfield code='x'>Všeobecná příručková díla</subfield><subfield code='2'>Konspekt</subfield><subfield code='9'>12</subfield></datafield><datafield ind1=' ' ind2=' ' tag='080'><subfield code='a'>030</subfield></datafield><datafield ind1=' ' ind2=' ' tag='080'><subfield code='a'>(058)</subfield></datafield><datafield ind1='0' ind2='0' tag='245'><subfield code='a'>Who´s who in the world 2008/</subfield><subfield code='c'>managing editor Karen Chassie</subfield></datafield><datafield ind1=' ' ind2=' ' tag='260'><subfield code='a'>New Providence:</subfield><subfield code='b'>Marquis Who´s Who,</subfield><subfield code='c'>c2007</subfield></datafield><datafield ind1=' ' ind2=' ' tag='300'><subfield code='a'>xiii, 2978 s.</subfield></datafield><datafield ind1='0' ind2='7' tag='650'><subfield code='a'>encyklopedie</subfield><subfield code='7'>ph117188</subfield><subfield code='2'>czenas</subfield></datafield><datafield ind1='0' ind2='7' tag='655'><subfield code='a'>ročenky</subfield><subfield code='7'>fd133307</subfield><subfield code='2'>czenas</subfield></datafield><datafield ind1='1' ind2=' ' tag='700'><subfield code='a'>Chassie, Karen</subfield><subfield code='4'>edt</subfield></datafield><datafield ind1=' ' ind2=' ' tag='CAT'><subfield code='a'>SMAHELOVA</subfield><subfield code='b'>20</subfield><subfield code='c'>20090223</subfield><subfield code='l'>CZU01</subfield><subfield code='h'>1449</subfield></datafield><datafield ind1=' ' ind2=' ' tag='CAT'><subfield code='a'>SMAHELOVA</subfield><subfield code='b'>20</subfield><subfield code='c'>20090223</subfield><subfield code='l'>CZU01</subfield><subfield code='h'>1450</subfield></datafield><datafield ind1=' ' ind2=' ' tag='CAT'><subfield code='a'>batch</subfield><subfield code='b'>00</subfield><subfield code='c'>20120323</subfield><subfield code='l'>CZU01</subfield><subfield code='h'>1719</subfield></datafield><datafield ind1=' ' ind2=' ' tag='910'><subfield code='a'>ABD026</subfield></datafield><datafield ind1='0' ind2=' ' tag='090'><subfield code='b'>1</subfield></datafield></record>