
<record><leader>00000namZa22ZZZZZ7aZ4500</leader><controlfield tag='001'>000056549</controlfield><controlfield tag='003'>CZ-PrCZU</controlfield><controlfield tag='005'>20090826101308.0</controlfield><controlfield tag='007'>ta</controlfield><controlfield tag='008'>090227s2008----xr-a---e-f----001-0-cze--</controlfield><datafield ind1=' ' ind2=' ' tag='020'><subfield code='a'>978-80-245-1440-6 (brož.) :</subfield><subfield code='c'>Kč 440,00</subfield></datafield><datafield ind1=' ' ind2=' ' tag='040'><subfield code='a'>ABA001</subfield><subfield code='d'>ABD026</subfield><subfield code='b'>cze</subfield></datafield><datafield ind1=' ' ind2='7' tag='072'><subfield code='a'>658</subfield><subfield code='x'>Řízení a správa podniku</subfield><subfield code='2'>Konspekt</subfield><subfield code='9'>4</subfield></datafield><datafield ind1=' ' ind2=' ' tag='080'><subfield code='a'>[007+004]:658</subfield><subfield code='2'>MRF</subfield></datafield><datafield ind1=' ' ind2=' ' tag='080'><subfield code='a'>658</subfield><subfield code='2'>MRF</subfield></datafield><datafield ind1=' ' ind2=' ' tag='080'><subfield code='a'>005:[007+004]</subfield><subfield code='2'>MRF</subfield></datafield><datafield ind1=' ' ind2=' ' tag='080'><subfield code='a'>(048.8)</subfield><subfield code='2'>MRF</subfield></datafield><datafield ind1=' ' ind2=' ' tag='080'><subfield code='a'>(035)</subfield><subfield code='2'>MRF</subfield></datafield><datafield ind1='1' ind2=' ' tag='100'><subfield code='a'>Voříšek, Jiří,</subfield><subfield code='d'>1950-</subfield><subfield code='7'>jn20000402615</subfield><subfield code='4'>aut</subfield></datafield><datafield ind1='1' ind2='0' tag='245'><subfield code='a'>Principy a modely řízení podnikové informatiky /</subfield><subfield code='c'>Jiří Voříšek a kolektiv</subfield></datafield><datafield ind1=' ' ind2=' ' tag='250'><subfield code='a'>Vyd. 1.</subfield></datafield><datafield ind1=' ' ind2=' ' tag='260'><subfield code='a'>V Praze :</subfield><subfield code='b'>Oeconomica,</subfield><subfield code='c'>2008</subfield></datafield><datafield ind1=' ' ind2=' ' tag='300'><subfield code='a'>446 s. :</subfield><subfield code='b'>il. ;</subfield><subfield code='c'>25 cm</subfield></datafield><datafield ind1=' ' ind2=' ' tag='500'><subfield code='a'>300 výt.</subfield></datafield><datafield ind1=' ' ind2=' ' tag='500'><subfield code='a'>V tiráži uvedeni autoři Josef Basl ... [et al.]</subfield></datafield><datafield ind1=' ' ind2=' ' tag='504'><subfield code='a'>Obsahuje bibliografii, bibliografické odkazy a rejstřík</subfield></datafield><datafield ind1='8' ind2=' ' tag='521'><subfield code='a'>Určeno pro inženýrské studium na VŠE Praha</subfield></datafield><datafield ind1=' ' ind2=' ' tag='550'><subfield code='a'>Vydavatel: Vysoká škola ekonomická v Praze</subfield></datafield><datafield ind1='0' ind2='7' tag='650'><subfield code='a'>podnikové informační systémy</subfield><subfield code='7'>ph121104</subfield><subfield code='2'>czenas</subfield></datafield><datafield ind1='0' ind2='7' tag='650'><subfield code='a'>podnikový management</subfield><subfield code='7'>ph115763</subfield><subfield code='2'>czenas</subfield></datafield><datafield ind1='0' ind2='7' tag='650'><subfield code='a'>informační management</subfield><subfield code='7'>ph114770</subfield><subfield code='2'>czenas</subfield></datafield><datafield ind1='0' ind2='9' tag='650'><subfield code='a'>management information systems</subfield><subfield code='2'>eczenas</subfield></datafield><datafield ind1='0' ind2='9' tag='650'><subfield code='a'>industrial management</subfield><subfield code='2'>eczenas</subfield></datafield><datafield ind1='0' ind2='9' tag='650'><subfield code='a'>information management</subfield><subfield code='2'>eczenas</subfield></datafield><datafield ind1=' ' ind2='7' tag='655'><subfield code='a'>monografie</subfield><subfield code='7'>fd132842</subfield><subfield code='2'>czenas</subfield></datafield><datafield ind1=' ' ind2='7' tag='655'><subfield code='a'>příručky</subfield><subfield code='7'>fd133209</subfield><subfield code='2'>czenas</subfield></datafield><datafield ind1=' ' ind2='9' tag='655'><subfield code='a'>monographs</subfield><subfield code='2'>eczenas</subfield></datafield><datafield ind1=' ' ind2='9' tag='655'><subfield code='a'>handbooks, manuals, etc</subfield><subfield code='2'>eczenas</subfield></datafield><datafield ind1='1' ind2=' ' tag='700'><subfield code='a'>Basl, Josef,</subfield><subfield code='d'>1961-</subfield><subfield code='7'>jn20001103446</subfield><subfield code='4'>aut</subfield></datafield><datafield ind1='2' ind2=' ' tag='710'><subfield code='a'>Vysoká škola ekonomická v Praze</subfield><subfield code='7'>kn20010709403</subfield></datafield><datafield ind1=' ' ind2=' ' tag='CAT'><subfield code='a'>KULHAVA</subfield><subfield code='b'>20</subfield><subfield code='c'>20090217</subfield><subfield code='l'>CZU01</subfield><subfield code='h'>0756</subfield></datafield><datafield ind1=' ' ind2=' ' tag='CAT'><subfield code='a'>KULHAVA</subfield><subfield code='b'>20</subfield><subfield code='c'>20090217</subfield><subfield code='l'>CZU01</subfield><subfield code='h'>0756</subfield></datafield><datafield ind1=' ' ind2=' ' tag='CAT'><subfield code='a'>SMAHELOVA</subfield><subfield code='b'>20</subfield><subfield code='c'>20090319</subfield><subfield code='l'>CZU01</subfield><subfield code='h'>1019</subfield></datafield><datafield ind1=' ' ind2=' ' tag='CAT'><subfield code='a'>NEMECKOVA</subfield><subfield code='b'>20</subfield><subfield code='c'>20090826</subfield><subfield code='l'>CZU01</subfield><subfield code='h'>1013</subfield></datafield><datafield ind1=' ' ind2=' ' tag='CAT'><subfield code='c'>20090826</subfield><subfield code='l'>CZU01</subfield><subfield code='h'>1015</subfield></datafield><datafield ind1=' ' ind2=' ' tag='CAT'><subfield code='c'>20090826</subfield><subfield code='l'>CZU01</subfield><subfield code='h'>1016</subfield></datafield><datafield ind1=' ' ind2=' ' tag='CAT'><subfield code='a'>batch</subfield><subfield code='b'>00</subfield><subfield code='c'>20120323</subfield><subfield code='l'>CZU01</subfield><subfield code='h'>1719</subfield></datafield><datafield ind1=' ' ind2=' ' tag='910'><subfield code='a'>ABD026</subfield></datafield><datafield ind1='0' ind2=' ' tag='090'><subfield code='b'>1</subfield></datafield></record>