
<record><leader>00000namZa22ZZZZZ7aZ4500</leader><controlfield tag='001'>000056515</controlfield><controlfield tag='003'>CZ-PrCZU</controlfield><controlfield tag='005'>20090916115154.0</controlfield><controlfield tag='007'>ta</controlfield><controlfield tag='008'>041220s2007----xr-abe-e-e----001-0dcze--</controlfield><datafield ind1=' ' ind2=' ' tag='020'><subfield code='a'>978-80-247-1204-8 (váz.)</subfield></datafield><datafield ind1=' ' ind2=' ' tag='035'><subfield code='a'>(OCoLC)186963804</subfield></datafield><datafield ind1=' ' ind2=' ' tag='040'><subfield code='a'>OLA001</subfield><subfield code='b'>cze</subfield><subfield code='d'>ABD026</subfield></datafield><datafield ind1=' ' ind2=' ' tag='043'><subfield code='a'>e-xr---</subfield><subfield code='a'>e-xo---</subfield></datafield><datafield ind1=' ' ind2='7' tag='072'><subfield code='a'>72</subfield><subfield code='x'>Architektura</subfield><subfield code='2'>Konspekt</subfield><subfield code='9'>21</subfield></datafield><datafield ind1=' ' ind2=' ' tag='080'><subfield code='a'>72.031.4</subfield><subfield code='2'>MRF</subfield></datafield><datafield ind1=' ' ind2=' ' tag='080'><subfield code='a'>(437.3)</subfield><subfield code='2'>MRF</subfield></datafield><datafield ind1=' ' ind2=' ' tag='080'><subfield code='a'>(437.6)</subfield><subfield code='2'>MRF</subfield></datafield><datafield ind1=' ' ind2=' ' tag='080'><subfield code='a'>(031)</subfield><subfield code='2'>MRF</subfield></datafield><datafield ind1='1' ind2=' ' tag='100'><subfield code='a'>Vařeka, Josef,</subfield><subfield code='d'>1927-2008</subfield><subfield code='7'>jk01141633</subfield><subfield code='4'>aut</subfield><subfield code='4'>edt</subfield></datafield><datafield ind1='1' ind2='0' tag='245'><subfield code='a'>Lidová architektura :</subfield><subfield code='b'>encyklopedie /</subfield><subfield code='c'>Josef Vařeka, Václav Frolec ; kresby Josef V. Scheybal</subfield></datafield><datafield ind1=' ' ind2=' ' tag='250'><subfield code='a'>2., přeprac. vyd., V nakl. Grada 1. vyd.</subfield></datafield><datafield ind1=' ' ind2=' ' tag='260'><subfield code='a'>Praha :</subfield><subfield code='b'>Grada,</subfield><subfield code='c'>2007</subfield></datafield><datafield ind1=' ' ind2=' ' tag='300'><subfield code='a'>427 s. :</subfield><subfield code='b'>il. (některé barev.), mapy, plány ;</subfield><subfield code='c'>26 cm</subfield></datafield><datafield ind1=' ' ind2=' ' tag='504'><subfield code='a'>Obsahuje bibliografie a rejstříky</subfield></datafield><datafield ind1='0' ind2='7' tag='650'><subfield code='a'>lidová architektura</subfield><subfield code='7'>ph122300</subfield><subfield code='z'>Česko</subfield><subfield code='2'>czenas</subfield></datafield><datafield ind1='0' ind2='7' tag='650'><subfield code='a'>lidová architektura</subfield><subfield code='7'>ph122300</subfield><subfield code='z'>Slovensko</subfield><subfield code='2'>czenas</subfield></datafield><datafield ind1='0' ind2='9' tag='650'><subfield code='a'>vernacular architecture</subfield><subfield code='z'>Czech Republic</subfield><subfield code='2'>eczenas</subfield></datafield><datafield ind1='0' ind2='9' tag='650'><subfield code='a'>vernacular architecture</subfield><subfield code='z'>Slovakia</subfield><subfield code='2'>eczenas</subfield></datafield><datafield ind1=' ' ind2='7' tag='655'><subfield code='a'>encyklopedie</subfield><subfield code='7'>fd132201</subfield><subfield code='2'>czenas</subfield></datafield><datafield ind1=' ' ind2='9' tag='655'><subfield code='a'>encyclopedias</subfield><subfield code='2'>eczenas</subfield></datafield><datafield ind1='1' ind2=' ' tag='700'><subfield code='a'>Frolec, Václav,</subfield><subfield code='d'>1934-1992</subfield><subfield code='7'>jk01032008</subfield><subfield code='4'>aut</subfield></datafield><datafield ind1='1' ind2=' ' tag='700'><subfield code='a'>Scheybal, Josef V.,</subfield><subfield code='d'>1928-2001</subfield><subfield code='7'>jk01110909</subfield><subfield code='4'>ill</subfield></datafield><datafield ind1=' ' ind2=' ' tag='CAT'><subfield code='a'>SMAHELOVA</subfield><subfield code='b'>20</subfield><subfield code='c'>20090212</subfield><subfield code='l'>CZU01</subfield><subfield code='h'>1105</subfield></datafield><datafield ind1=' ' ind2=' ' tag='CAT'><subfield code='a'>BATELKOVA</subfield><subfield code='b'>20</subfield><subfield code='c'>20090916</subfield><subfield code='l'>CZU01</subfield><subfield code='h'>1151</subfield></datafield><datafield ind1=' ' ind2=' ' tag='CAT'><subfield code='c'>20090916</subfield><subfield code='l'>CZU01</subfield><subfield code='h'>1152</subfield></datafield><datafield ind1=' ' ind2=' ' tag='CAT'><subfield code='c'>20090916</subfield><subfield code='l'>CZU01</subfield><subfield code='h'>1152</subfield></datafield><datafield ind1=' ' ind2=' ' tag='CAT'><subfield code='a'>batch</subfield><subfield code='b'>00</subfield><subfield code='c'>20120323</subfield><subfield code='l'>CZU01</subfield><subfield code='h'>1719</subfield></datafield><datafield ind1=' ' ind2=' ' tag='910'><subfield code='a'>ABD026</subfield></datafield><datafield ind1='0' ind2=' ' tag='090'><subfield code='b'>1</subfield></datafield></record>