
<record><leader>00000namZa22ZZZZZ7aZ4500</leader><controlfield tag='001'>000056514</controlfield><controlfield tag='003'>CZ-PrCZU</controlfield><controlfield tag='005'>20090212105705.0</controlfield><controlfield tag='007'>ta</controlfield><controlfield tag='008'>080201s2007----xr-ach-e-f----001-0-cze--</controlfield><datafield ind1=' ' ind2=' ' tag='020'><subfield code='a'>978-80-7209-993-1 (váz.)</subfield></datafield><datafield ind1=' ' ind2=' ' tag='035'><subfield code='a'>(OCoLC)228777731</subfield></datafield><datafield ind1=' ' ind2=' ' tag='040'><subfield code='a'>ABA001</subfield><subfield code='b'>cze</subfield><subfield code='d'>OLA001</subfield><subfield code='d'>ABD026</subfield></datafield><datafield ind1='1' ind2=' ' tag='041'><subfield code='a'>cze</subfield><subfield code='h'>eng</subfield></datafield><datafield ind1=' ' ind2='7' tag='072'><subfield code='a'>76</subfield><subfield code='x'>Grafické umění. Grafika</subfield><subfield code='2'>Konspekt</subfield><subfield code='9'>21</subfield></datafield><datafield ind1=' ' ind2=' ' tag='080'><subfield code='a'>766:655</subfield><subfield code='2'>MRF</subfield></datafield><datafield ind1=' ' ind2=' ' tag='080'><subfield code='a'>655.24/.26</subfield><subfield code='2'>MRF</subfield></datafield><datafield ind1=' ' ind2=' ' tag='080'><subfield code='a'>(035)</subfield><subfield code='2'>MRF</subfield></datafield><datafield ind1=' ' ind2=' ' tag='080'><subfield code='a'>(084.11)</subfield><subfield code='2'>MRF</subfield></datafield><datafield ind1='1' ind2=' ' tag='100'><subfield code='a'>Bhaskaran, Lakshmi</subfield><subfield code='7'>xx0058808</subfield><subfield code='4'>aut</subfield></datafield><datafield ind1='1' ind2='0' tag='245'><subfield code='a'>Design publikací :</subfield><subfield code='b'>vizuální komunikace tištěných médií /</subfield><subfield code='c'>Lakshmi Bhaskaranová ; [z anglického originálu ... přeložila Jana Novotná]</subfield></datafield><datafield ind1=' ' ind2=' ' tag='260'><subfield code='a'>V Praze :</subfield><subfield code='b'>Slovart,</subfield><subfield code='c'>2007</subfield></datafield><datafield ind1=' ' ind2=' ' tag='300'><subfield code='a'>256 s. :</subfield><subfield code='b'>il. (převážně barev.), portréty, faksim. ;</subfield><subfield code='c'>23 cm</subfield></datafield><datafield ind1=' ' ind2=' ' tag='500'><subfield code='a'>Název z obálky</subfield></datafield><datafield ind1=' ' ind2=' ' tag='500'><subfield code='a'>Terminologický slovník</subfield></datafield><datafield ind1=' ' ind2=' ' tag='500'><subfield code='a'>Obsahuje rejstřík</subfield></datafield><datafield ind1='0' ind2='7' tag='650'><subfield code='a'>grafický design</subfield><subfield code='7'>ph116550</subfield><subfield code='2'>czenas</subfield></datafield><datafield ind1='0' ind2='7' tag='650'><subfield code='a'>grafická úprava tiskovin</subfield><subfield code='7'>ph166525</subfield><subfield code='2'>czenas</subfield></datafield><datafield ind1='0' ind2='9' tag='650'><subfield code='a'>graphic design</subfield><subfield code='2'>eczenas</subfield></datafield><datafield ind1='0' ind2='9' tag='650'><subfield code='a'>layout (printing)</subfield><subfield code='2'>eczenas</subfield></datafield><datafield ind1=' ' ind2='7' tag='655'><subfield code='a'>příručky</subfield><subfield code='7'>fd133209</subfield><subfield code='2'>czenas</subfield></datafield><datafield ind1=' ' ind2='7' tag='655'><subfield code='a'>obrazové publikace</subfield><subfield code='7'>fd132947</subfield><subfield code='2'>czenas</subfield></datafield><datafield ind1=' ' ind2='9' tag='655'><subfield code='a'>handbooks, manuals, etc</subfield><subfield code='2'>eczenas</subfield></datafield><datafield ind1=' ' ind2='9' tag='655'><subfield code='a'>pictorial works</subfield><subfield code='2'>eczenas</subfield></datafield><datafield ind1='0' ind2=' ' tag='765'><subfield code='t'>What is publication design?</subfield><subfield code='9'>Česky</subfield></datafield><datafield ind1=' ' ind2=' ' tag='CAT'><subfield code='a'>SMAHELOVA</subfield><subfield code='b'>20</subfield><subfield code='c'>20090212</subfield><subfield code='l'>CZU01</subfield><subfield code='h'>1057</subfield></datafield><datafield ind1=' ' ind2=' ' tag='CAT'><subfield code='a'>batch</subfield><subfield code='b'>00</subfield><subfield code='c'>20120323</subfield><subfield code='l'>CZU01</subfield><subfield code='h'>1719</subfield></datafield><datafield ind1=' ' ind2=' ' tag='910'><subfield code='a'>ABD026</subfield></datafield><datafield ind1='0' ind2=' ' tag='090'><subfield code='b'>1</subfield></datafield></record>