
<record><leader>00000namZa22ZZZZZ7aZ4500</leader><controlfield tag='001'>000056432</controlfield><controlfield tag='003'>CZ-PrCZU</controlfield><controlfield tag='005'>20090514141031.0</controlfield><controlfield tag='008'>090123s2008----xr-----f-----||||-0-eng-d</controlfield><datafield ind1=' ' ind2=' ' tag='020'><subfield code='a'>978-80-87168-07-3</subfield></datafield><datafield ind1=' ' ind2=' ' tag='040'><subfield code='a'>ABD026</subfield><subfield code='b'>cze</subfield></datafield><datafield ind1=' ' ind2='7' tag='072'><subfield code='a'>51</subfield><subfield code='x'>Matematika</subfield><subfield code='2'>Konspekt</subfield><subfield code='9'>13</subfield></datafield><datafield ind1=' ' ind2=' ' tag='080'><subfield code='a'>510.6</subfield><subfield code='2'>MRF</subfield></datafield><datafield ind1='1' ind2=' ' tag='100'><subfield code='a'>Demlová, Marie,</subfield><subfield code='d'>1949-</subfield><subfield code='7'>jk01022201</subfield><subfield code='4'>aut</subfield></datafield><datafield ind1='1' ind2='0' tag='245'><subfield code='a'>Mathematical Logic /</subfield><subfield code='c'>Marie Demlová</subfield></datafield><datafield ind1=' ' ind2=' ' tag='260'><subfield code='a'>Praha :</subfield><subfield code='b'>Kernberg Publishing,</subfield><subfield code='c'>2008</subfield></datafield><datafield ind1=' ' ind2=' ' tag='300'><subfield code='a'>226 s.</subfield></datafield><datafield ind1=' ' ind2=' ' tag='500'><subfield code='a'>Obsahuje rejstřík</subfield></datafield><datafield ind1='0' ind2='7' tag='650'><subfield code='a'>matematická logika</subfield><subfield code='7'>ph122671</subfield><subfield code='2'>czenas</subfield></datafield><datafield ind1=' ' ind2='4' tag='655'><subfield code='a'>monogragie</subfield></datafield><datafield ind1=' ' ind2=' ' tag='CAT'><subfield code='a'>KULHAVA</subfield><subfield code='b'>20</subfield><subfield code='c'>20090123</subfield><subfield code='l'>CZU01</subfield><subfield code='h'>1044</subfield></datafield><datafield ind1=' ' ind2=' ' tag='CAT'><subfield code='a'>KULHAVA</subfield><subfield code='b'>20</subfield><subfield code='c'>20090123</subfield><subfield code='l'>CZU01</subfield><subfield code='h'>1044</subfield></datafield><datafield ind1=' ' ind2=' ' tag='CAT'><subfield code='a'>BATELKOVA</subfield><subfield code='b'>20</subfield><subfield code='c'>20090429</subfield><subfield code='l'>CZU01</subfield><subfield code='h'>0806</subfield></datafield><datafield ind1=' ' ind2=' ' tag='CAT'><subfield code='a'>BATELKOVA</subfield><subfield code='b'>20</subfield><subfield code='c'>20090429</subfield><subfield code='l'>CZU01</subfield><subfield code='h'>0807</subfield></datafield><datafield ind1=' ' ind2=' ' tag='CAT'><subfield code='a'>BATELKOVA</subfield><subfield code='b'>20</subfield><subfield code='c'>20090429</subfield><subfield code='l'>CZU01</subfield><subfield code='h'>0809</subfield></datafield><datafield ind1=' ' ind2=' ' tag='CAT'><subfield code='c'>20090429</subfield><subfield code='l'>CZU01</subfield><subfield code='h'>0809</subfield></datafield><datafield ind1=' ' ind2=' ' tag='CAT'><subfield code='c'>20090429</subfield><subfield code='l'>CZU01</subfield><subfield code='h'>0809</subfield></datafield><datafield ind1=' ' ind2=' ' tag='CAT'><subfield code='a'>BATELKOVA</subfield><subfield code='b'>20</subfield><subfield code='c'>20090514</subfield><subfield code='l'>CZU01</subfield><subfield code='h'>1410</subfield></datafield><datafield ind1=' ' ind2=' ' tag='CAT'><subfield code='a'>batch</subfield><subfield code='b'>00</subfield><subfield code='c'>20120323</subfield><subfield code='l'>CZU01</subfield><subfield code='h'>1719</subfield></datafield><datafield ind1=' ' ind2=' ' tag='910'><subfield code='a'>ABD026</subfield></datafield><datafield ind1='0' ind2=' ' tag='090'><subfield code='b'>5</subfield></datafield></record>