
<record><leader>00000namZa22ZZZZZ7aZ4500</leader><controlfield tag='001'>000056207</controlfield><controlfield tag='003'>CZ-PrCZU</controlfield><controlfield tag='005'>20090514144713.0</controlfield><controlfield tag='007'>ta</controlfield><controlfield tag='008'>081111s2008----xr-----e-p----001-0-cze--</controlfield><datafield ind1=' ' ind2=' ' tag='020'><subfield code='a'>978-80-7232-355-5 (brož.)</subfield></datafield><datafield ind1=' ' ind2=' ' tag='040'><subfield code='a'>ABA001</subfield><subfield code='b'>cze</subfield><subfield code='d'>ABD026</subfield></datafield><datafield ind1=' ' ind2='7' tag='072'><subfield code='a'>004.4/.6</subfield><subfield code='x'>Programové vybavení. Programové prostředky</subfield><subfield code='2'>Konspekt</subfield><subfield code='9'>23</subfield></datafield><datafield ind1=' ' ind2='7' tag='072'><subfield code='a'>37.016</subfield><subfield code='x'>Učební osnovy. Vyučovací předměty. Učebnice</subfield><subfield code='2'>Konspekt</subfield><subfield code='9'>22</subfield></datafield><datafield ind1=' ' ind2=' ' tag='080'><subfield code='a'>004.438Java</subfield><subfield code='2'>MRF</subfield></datafield><datafield ind1=' ' ind2=' ' tag='080'><subfield code='a'>004.432.045</subfield><subfield code='2'>MRF</subfield></datafield><datafield ind1=' ' ind2=' ' tag='080'><subfield code='a'>004.42.045</subfield><subfield code='2'>MRF</subfield></datafield><datafield ind1=' ' ind2=' ' tag='080'><subfield code='a'>(075)</subfield><subfield code='2'>MRF</subfield></datafield><datafield ind1='1' ind2=' ' tag='100'><subfield code='a'>Herout, Pavel,</subfield><subfield code='d'>1961-</subfield><subfield code='7'>jn20010601375</subfield><subfield code='4'>aut</subfield></datafield><datafield ind1='1' ind2='0' tag='245'><subfield code='a'>Učebnice jazyka Java /</subfield><subfield code='c'>Pavel Herout</subfield></datafield><datafield ind1=' ' ind2=' ' tag='250'><subfield code='a'>3., rozš. vyd.</subfield></datafield><datafield ind1=' ' ind2=' ' tag='260'><subfield code='a'>České Budějovice :</subfield><subfield code='b'>Kopp,</subfield><subfield code='c'>2008</subfield></datafield><datafield ind1=' ' ind2=' ' tag='300'><subfield code='a'>381 s. ;</subfield><subfield code='c'>20 cm</subfield></datafield><datafield ind1=' ' ind2=' ' tag='500'><subfield code='a'>Obálkový podnázev: rozšířené vydání zahrnuje změny od Java 5</subfield></datafield><datafield ind1=' ' ind2=' ' tag='504'><subfield code='a'>Obsahuje bibliografii a rejstřík</subfield></datafield><datafield ind1='0' ind2='7' tag='650'><subfield code='a'>Java</subfield><subfield code='7'>ph117027</subfield><subfield code='2'>czenas</subfield></datafield><datafield ind1='0' ind2='7' tag='650'><subfield code='a'>objektově orientované jazyky</subfield><subfield code='7'>ph115528</subfield><subfield code='2'>czenas</subfield></datafield><datafield ind1='0' ind2='7' tag='650'><subfield code='a'>objektově orientované programování</subfield><subfield code='7'>ph115529</subfield><subfield code='2'>czenas</subfield></datafield><datafield ind1='0' ind2='9' tag='650'><subfield code='a'>Java</subfield><subfield code='2'>eczenas</subfield></datafield><datafield ind1='0' ind2='9' tag='650'><subfield code='a'>object-oriented programming languages</subfield><subfield code='2'>eczenas</subfield></datafield><datafield ind1='0' ind2='9' tag='650'><subfield code='a'>object-oriented programming</subfield><subfield code='2'>eczenas</subfield></datafield><datafield ind1=' ' ind2='7' tag='655'><subfield code='a'>učebnice</subfield><subfield code='7'>fd133770</subfield><subfield code='2'>czenas</subfield></datafield><datafield ind1=' ' ind2='9' tag='655'><subfield code='a'>textbooks</subfield><subfield code='2'>eczenas</subfield></datafield><datafield ind1=' ' ind2=' ' tag='CAT'><subfield code='a'>KULHAVA</subfield><subfield code='b'>20</subfield><subfield code='c'>20081210</subfield><subfield code='l'>CZU01</subfield><subfield code='h'>0748</subfield></datafield><datafield ind1=' ' ind2=' ' tag='CAT'><subfield code='a'>KULHAVA</subfield><subfield code='b'>20</subfield><subfield code='c'>20081210</subfield><subfield code='l'>CZU01</subfield><subfield code='h'>0749</subfield></datafield><datafield ind1=' ' ind2=' ' tag='CAT'><subfield code='a'>BATELKOVA</subfield><subfield code='b'>20</subfield><subfield code='c'>20090514</subfield><subfield code='l'>CZU01</subfield><subfield code='h'>1447</subfield></datafield><datafield ind1=' ' ind2=' ' tag='CAT'><subfield code='a'>batch</subfield><subfield code='b'>00</subfield><subfield code='c'>20120323</subfield><subfield code='l'>CZU01</subfield><subfield code='h'>1719</subfield></datafield><datafield ind1=' ' ind2=' ' tag='910'><subfield code='a'>ABD026</subfield></datafield><datafield ind1=' ' ind2=' ' tag='SID'><subfield code='a'>Z39</subfield><subfield code='b'>SKC-Z-SN</subfield></datafield><datafield ind1='0' ind2=' ' tag='090'><subfield code='b'>2</subfield></datafield></record>