
<record><leader>00000namZa22ZZZZZ7aZ4500</leader><controlfield tag='001'>000056205</controlfield><controlfield tag='003'>CZ-PrCZU</controlfield><controlfield tag='005'>20081210073521.0</controlfield><controlfield tag='007'>ta</controlfield><controlfield tag='008'>081124s2009----xr-a---e-p----001-0-cze-d</controlfield><datafield ind1=' ' ind2=' ' tag='040'><subfield code='b'>cze</subfield></datafield><datafield ind1=' ' ind2=' ' tag='040'><subfield code='a'>KLG001</subfield><subfield code='b'>cze</subfield><subfield code='d'>ABD026</subfield></datafield><datafield ind1=' ' ind2='7' tag='072'><subfield code='a'>004.4/.6</subfield><subfield code='x'>Programové vybavení. Programové prostředky</subfield><subfield code='2'>Konspekt</subfield><subfield code='9'>23</subfield></datafield><datafield ind1=' ' ind2=' ' tag='080'><subfield code='a'>004.432.045</subfield><subfield code='2'>MRF</subfield></datafield><datafield ind1=' ' ind2=' ' tag='080'><subfield code='a'>004.438Java</subfield><subfield code='2'>MRF</subfield></datafield><datafield ind1=' ' ind2=' ' tag='080'><subfield code='a'>(035)</subfield><subfield code='2'>MRF</subfield></datafield><datafield ind1='1' ind2=' ' tag='100'><subfield code='a'>Pecinovský, Rudolf,</subfield><subfield code='d'>1954-</subfield><subfield code='7'>xx0017259</subfield><subfield code='4'>aut</subfield></datafield><datafield ind1='1' ind2='0' tag='245'><subfield code='a'>Myslíme objektově v jazyku Java :</subfield><subfield code='b'>kompletní učebnice pro začátečníky /</subfield><subfield code='c'>Rudolf Pecinovský</subfield></datafield><datafield ind1=' ' ind2=' ' tag='250'><subfield code='a'>2., aktualiz. a rozš. vyd.</subfield></datafield><datafield ind1=' ' ind2=' ' tag='260'><subfield code='a'>Praha :</subfield><subfield code='b'>Grada,</subfield><subfield code='c'>2009</subfield></datafield><datafield ind1=' ' ind2=' ' tag='300'><subfield code='a'>570 s. :</subfield><subfield code='b'>il. ;</subfield><subfield code='c'>24 cm</subfield></datafield><datafield ind1='1' ind2=' ' tag='490'><subfield code='a'>Myslíme v--</subfield></datafield><datafield ind1='1' ind2=' ' tag='490'><subfield code='a'>Knihovna programátora</subfield></datafield><datafield ind1=' ' ind2=' ' tag='500'><subfield code='a'>Obsahuje rejstřík</subfield></datafield><datafield ind1='0' ind2='7' tag='650'><subfield code='a'>Java</subfield><subfield code='7'>ph117027</subfield><subfield code='2'>czenas</subfield></datafield><datafield ind1='0' ind2='4' tag='650'><subfield code='a'>objektově orientované programovací jazyky</subfield></datafield><datafield ind1=' ' ind2='7' tag='655'><subfield code='a'>příručky</subfield><subfield code='7'>fd133209</subfield><subfield code='2'>czenas</subfield></datafield><datafield ind1=' ' ind2='0' tag='830'><subfield code='a'>Myslíme v--</subfield></datafield><datafield ind1=' ' ind2='0' tag='830'><subfield code='a'>Knihovna programátora</subfield></datafield><datafield ind1=' ' ind2=' ' tag='CAT'><subfield code='a'>KULHAVA</subfield><subfield code='b'>20</subfield><subfield code='c'>20081210</subfield><subfield code='l'>CZU01</subfield><subfield code='h'>0734</subfield></datafield><datafield ind1=' ' ind2=' ' tag='CAT'><subfield code='a'>KULHAVA</subfield><subfield code='b'>20</subfield><subfield code='c'>20081210</subfield><subfield code='l'>CZU01</subfield><subfield code='h'>0735</subfield></datafield><datafield ind1=' ' ind2=' ' tag='CAT'><subfield code='a'>BATCH-UPD</subfield><subfield code='b'>20</subfield><subfield code='c'>20090923</subfield><subfield code='l'>CZU01</subfield><subfield code='h'>2201</subfield></datafield><datafield ind1=' ' ind2=' ' tag='CAT'><subfield code='c'>20091215</subfield><subfield code='l'>CZU01</subfield><subfield code='h'>1326</subfield></datafield><datafield ind1=' ' ind2=' ' tag='CAT'><subfield code='a'>batch</subfield><subfield code='b'>00</subfield><subfield code='c'>20120323</subfield><subfield code='l'>CZU01</subfield><subfield code='h'>1719</subfield></datafield><datafield ind1=' ' ind2=' ' tag='910'><subfield code='a'>ABD026</subfield></datafield><datafield ind1=' ' ind2=' ' tag='SID'><subfield code='a'>Z39</subfield><subfield code='b'>SKC-Z</subfield></datafield><datafield ind1='0' ind2=' ' tag='090'><subfield code='b'>1</subfield></datafield></record>