
<record><leader>00000namZa22ZZZZZ7aZ4500</leader><controlfield tag='001'>000056204</controlfield><controlfield tag='003'>CZ-PrCZU</controlfield><controlfield tag='005'>20140911095512.0</controlfield><controlfield tag='007'>ta</controlfield><controlfield tag='008'>081128s2008----xr-a---f------001-0-eng--</controlfield><datafield ind1=' ' ind2=' ' tag='015'><subfield code='a'>cnb001833106</subfield></datafield><datafield ind1=' ' ind2=' ' tag='020'><subfield code='a'>978-80-87168-06-6 (Kernberg : brož.) :</subfield><subfield code='c'>Kč 349,00</subfield></datafield><datafield ind1=' ' ind2=' ' tag='035'><subfield code='a'>(OCoLC)432993661</subfield></datafield><datafield ind1=' ' ind2=' ' tag='040'><subfield code='a'>ABA001</subfield><subfield code='b'>cze</subfield><subfield code='d'>ABD026</subfield></datafield><datafield ind1=' ' ind2='7' tag='072'><subfield code='a'>51</subfield><subfield code='x'>Matematika</subfield><subfield code='2'>Konspekt</subfield><subfield code='9'>13</subfield></datafield><datafield ind1=' ' ind2='7' tag='072'><subfield code='a'>004</subfield><subfield code='x'>Počítačová věda. Výpočetní technika. Informační technologie</subfield><subfield code='2'>Konspekt</subfield><subfield code='9'>23</subfield></datafield><datafield ind1=' ' ind2=' ' tag='080'><subfield code='a'>51</subfield><subfield code='2'>MRF</subfield></datafield><datafield ind1=' ' ind2=' ' tag='080'><subfield code='a'>004</subfield><subfield code='2'>MRF</subfield></datafield><datafield ind1=' ' ind2=' ' tag='080'><subfield code='a'>004</subfield><subfield code='2'>MRF</subfield></datafield><datafield ind1=' ' ind2=' ' tag='080'><subfield code='a'>51-7</subfield><subfield code='2'>MRF</subfield></datafield><datafield ind1=' ' ind2=' ' tag='080'><subfield code='a'>(048.8)</subfield><subfield code='2'>MRF</subfield></datafield><datafield ind1='0' ind2='0' tag='245'><subfield code='a'>Mathematical foundations of computer science /</subfield><subfield code='c'>Jiří Vaníček ... [et al.]</subfield></datafield><datafield ind1=' ' ind2=' ' tag='250'><subfield code='a'>1. vyd.</subfield></datafield><datafield ind1=' ' ind2=' ' tag='260'><subfield code='a'>Davle :</subfield><subfield code='b'>Kernberg ;</subfield><subfield code='a'>Praha :</subfield><subfield code='b'>Alfa Nakladatelství,</subfield><subfield code='c'>2008</subfield></datafield><datafield ind1=' ' ind2=' ' tag='300'><subfield code='a'>273 s. :</subfield><subfield code='b'>il. ;</subfield><subfield code='c'>21 cm</subfield></datafield><datafield ind1=' ' ind2=' ' tag='500'><subfield code='a'>300 výt.</subfield></datafield><datafield ind1=' ' ind2=' ' tag='504'><subfield code='a'>Obsahuje bibliografii a rejstřík</subfield></datafield><datafield ind1='0' ind2='7' tag='650'><subfield code='a'>matematika</subfield><subfield code='7'>ph117231</subfield><subfield code='2'>czenas</subfield></datafield><datafield ind1='0' ind2='7' tag='650'><subfield code='a'>výpočetní technika</subfield><subfield code='7'>ph137273</subfield><subfield code='2'>czenas</subfield></datafield><datafield ind1='0' ind2='7' tag='650'><subfield code='a'>informační technologie</subfield><subfield code='7'>ph121106</subfield><subfield code='2'>czenas</subfield></datafield><datafield ind1=' ' ind2='7' tag='655'><subfield code='a'>monografie</subfield><subfield code='7'>fd132842</subfield><subfield code='2'>czenas</subfield></datafield><datafield ind1='0' ind2='7' tag='650'><subfield code='a'>počítačová věda</subfield><subfield code='7'>ph124511</subfield><subfield code='2'>czenas</subfield></datafield><datafield ind1='0' ind2='7' tag='650'><subfield code='a'>aplikovaná matematika</subfield><subfield code='7'>ph114073</subfield><subfield code='2'>czenas</subfield></datafield><datafield ind1='0' ind2='9' tag='650'><subfield code='a'>computer science</subfield><subfield code='2'>eczenas</subfield></datafield><datafield ind1='0' ind2='9' tag='650'><subfield code='a'>information technology</subfield><subfield code='2'>eczenas</subfield></datafield><datafield ind1='0' ind2='9' tag='650'><subfield code='a'>applied mathematics</subfield><subfield code='2'>eczenas</subfield></datafield><datafield ind1=' ' ind2='7' tag='655'><subfield code='a'>monografie</subfield><subfield code='7'>fd132842</subfield><subfield code='2'>czenas</subfield></datafield><datafield ind1=' ' ind2='9' tag='655'><subfield code='a'>monographs</subfield><subfield code='2'>eczenas</subfield></datafield><datafield ind1='1' ind2=' ' tag='700'><subfield code='a'>Vaníček, Jiří,</subfield><subfield code='d'>1937-2011</subfield><subfield code='7'>jk01141562</subfield><subfield code='4'>aut</subfield></datafield><datafield ind1='4' ind2='1' tag='856'><subfield code='u'>http://toc.nkp.cz/NKC/200907/contents/nkc20081833106_1.pdf</subfield><subfield code='y'>Obsah</subfield><subfield code='4'>N</subfield></datafield><datafield ind1=' ' ind2=' ' tag='CAT'><subfield code='a'>CEDIKOVA</subfield><subfield code='b'>20</subfield><subfield code='c'>20081210</subfield><subfield code='l'>CZU01</subfield><subfield code='h'>0721</subfield></datafield><datafield ind1=' ' ind2=' ' tag='CAT'><subfield code='a'>CEDIKOVA</subfield><subfield code='b'>20</subfield><subfield code='c'>20081210</subfield><subfield code='l'>CZU01</subfield><subfield code='h'>0721</subfield></datafield><datafield ind1=' ' ind2=' ' tag='CAT'><subfield code='a'>KULHAVA</subfield><subfield code='b'>20</subfield><subfield code='c'>20090105</subfield><subfield code='l'>CZU01</subfield><subfield code='h'>1105</subfield></datafield><datafield ind1=' ' ind2=' ' tag='CAT'><subfield code='a'>KULHAVA</subfield><subfield code='b'>20</subfield><subfield code='c'>20090105</subfield><subfield code='l'>CZU01</subfield><subfield code='h'>1110</subfield></datafield><datafield ind1=' ' ind2=' ' tag='CAT'><subfield code='a'>KULHAVA</subfield><subfield code='b'>20</subfield><subfield code='c'>20090105</subfield><subfield code='l'>CZU01</subfield><subfield code='h'>1111</subfield></datafield><datafield ind1=' ' ind2=' ' tag='CAT'><subfield code='a'>KULHAVA</subfield><subfield code='b'>20</subfield><subfield code='c'>20090105</subfield><subfield code='l'>CZU01</subfield><subfield code='h'>1111</subfield></datafield><datafield ind1=' ' ind2=' ' tag='CAT'><subfield code='a'>batch</subfield><subfield code='b'>00</subfield><subfield code='c'>20120323</subfield><subfield code='l'>CZU01</subfield><subfield code='h'>1719</subfield></datafield><datafield ind1=' ' ind2=' ' tag='CAT'><subfield code='a'>CEDIKOVA</subfield><subfield code='b'>20</subfield><subfield code='c'>20140911</subfield><subfield code='l'>CZU01</subfield><subfield code='h'>0955</subfield></datafield><datafield ind1=' ' ind2=' ' tag='EXE'><subfield code='a'>CZU</subfield><subfield code='b'>ZK</subfield><subfield code='c'>BOOK</subfield><subfield code='d'>6</subfield><subfield code='e'>09/18</subfield><subfield code='f'>09/18</subfield><subfield code='g'>Z 23921</subfield><subfield code='h'>04</subfield><subfield code='j'>349,00</subfield></datafield><datafield ind1=' ' ind2=' ' tag='910'><subfield code='a'>ABD026</subfield></datafield><datafield ind1=' ' ind2=' ' tag='900'><subfield code='a'>ABA001</subfield><subfield code='b'>17</subfield></datafield><datafield ind1=' ' ind2=' ' tag='998'><subfield code='a'>003856087</subfield></datafield><datafield ind1=' ' ind2=' ' tag='SID'><subfield code='a'>Z39</subfield><subfield code='b'>SKC-Z-SN</subfield></datafield><datafield ind1='0' ind2=' ' tag='090'><subfield code='b'>8</subfield></datafield></record>