
<record><leader>00000namZa22ZZZZZ7aZ4500</leader><controlfield tag='001'>000056069</controlfield><controlfield tag='003'>CZ-PrCZU</controlfield><controlfield tag='005'>20121030091444.0</controlfield><controlfield tag='008'>081125s2006----xr-----f-----||||-0-cze-d</controlfield><datafield ind1=' ' ind2=' ' tag='020'><subfield code='a'>80-86815-53-6</subfield></datafield><datafield ind1=' ' ind2=' ' tag='040'><subfield code='b'>cze</subfield></datafield><datafield ind1=' ' ind2=' ' tag='040'><subfield code='a'>ABD100</subfield><subfield code='b'>cze</subfield><subfield code='d'>ABD026</subfield></datafield><datafield ind1='1' ind2=' ' tag='041'><subfield code='a'>eng</subfield></datafield><datafield ind1=' ' ind2=' ' tag='080'><subfield code='a'>004.438PHP</subfield><subfield code='2'>MRF</subfield></datafield><datafield ind1=' ' ind2=' ' tag='080'><subfield code='a'>004.42</subfield><subfield code='2'>MRF</subfield></datafield><datafield ind1='1' ind2=' ' tag='100'><subfield code='a'>Gilmore, W. J.</subfield><subfield code='7'>mzk2005274839</subfield><subfield code='4'>aut</subfield></datafield><datafield ind1='1' ind2='0' tag='245'><subfield code='a'>Velká kniha PHP a MySQL 5 :</subfield><subfield code='b'>kompendium znalostí /</subfield><subfield code='c'>W. Jason Gilmore.</subfield></datafield><datafield ind1=' ' ind2=' ' tag='260'><subfield code='a'>Brno :</subfield><subfield code='b'>Zoner Press,</subfield><subfield code='c'>c2006.</subfield></datafield><datafield ind1=' ' ind2=' ' tag='300'><subfield code='a'>864 s.</subfield></datafield><datafield ind1='1' ind2=' ' tag='490'><subfield code='a'>Encyklopedie webdesignera</subfield></datafield><datafield ind1=' ' ind2=' ' tag='500'><subfield code='a'>Přeloženo z angličtiny</subfield></datafield><datafield ind1=' ' ind2=' ' tag='504'><subfield code='a'>Obsahuje rejstřík</subfield></datafield><datafield ind1=' ' ind2='4' tag='650'><subfield code='a'>programování</subfield><subfield code='2'>psh</subfield></datafield><datafield ind1=' ' ind2='4' tag='650'><subfield code='a'>SQL</subfield><subfield code='2'>psh</subfield></datafield><datafield ind1=' ' ind2='7' tag='655'><subfield code='a'>monografie</subfield><subfield code='7'>fd132842</subfield><subfield code='2'>czenas</subfield></datafield><datafield ind1='1' ind2=' ' tag='765'><subfield code='t'>Beginning PHP and MySQL 5</subfield><subfield code='b'>from novice to professional</subfield></datafield><datafield ind1=' ' ind2='0' tag='830'><subfield code='a'>Encyklopedie webdesignera</subfield></datafield><datafield ind1=' ' ind2=' ' tag='CAT'><subfield code='a'>BATELKOVA</subfield><subfield code='b'>20</subfield><subfield code='c'>20081125</subfield><subfield code='l'>CZU01</subfield><subfield code='h'>1130</subfield></datafield><datafield ind1=' ' ind2=' ' tag='CAT'><subfield code='a'>BATELKOVA</subfield><subfield code='b'>20</subfield><subfield code='c'>20081125</subfield><subfield code='l'>CZU01</subfield><subfield code='h'>1131</subfield></datafield><datafield ind1=' ' ind2=' ' tag='CAT'><subfield code='c'>20091215</subfield><subfield code='l'>CZU01</subfield><subfield code='h'>1326</subfield></datafield><datafield ind1=' ' ind2=' ' tag='CAT'><subfield code='a'>batch</subfield><subfield code='b'>00</subfield><subfield code='c'>20120323</subfield><subfield code='l'>CZU01</subfield><subfield code='h'>1719</subfield></datafield><datafield ind1=' ' ind2=' ' tag='CAT'><subfield code='a'>KULHAVA</subfield><subfield code='b'>20</subfield><subfield code='c'>20121030</subfield><subfield code='l'>CZU01</subfield><subfield code='h'>0914</subfield></datafield><datafield ind1=' ' ind2=' ' tag='910'><subfield code='a'>ABD026</subfield></datafield><datafield ind1=' ' ind2=' ' tag='SID'><subfield code='a'>Z39</subfield><subfield code='b'>SKC-Z</subfield></datafield><datafield ind1='0' ind2=' ' tag='090'><subfield code='b'>1</subfield></datafield></record>