
<record><leader>00000namZa22ZZZZZ7aZ4500</leader><controlfield tag='001'>000056068</controlfield><controlfield tag='003'>CZ-PrCZU</controlfield><controlfield tag='005'>20081125112533.0</controlfield><controlfield tag='007'>ta</controlfield><controlfield tag='008'>081125s2008----xr-----f-----||||-0-cze-d</controlfield><datafield ind1=' ' ind2=' ' tag='020'><subfield code='a'>978-80-251-2108-5 (brož.)</subfield></datafield><datafield ind1=' ' ind2=' ' tag='040'><subfield code='b'>cze</subfield></datafield><datafield ind1=' ' ind2=' ' tag='040'><subfield code='a'>ABA001</subfield><subfield code='b'>cze</subfield><subfield code='d'>ABD026</subfield></datafield><datafield ind1='1' ind2=' ' tag='041'><subfield code='a'>cze</subfield><subfield code='h'>slo</subfield></datafield><datafield ind1=' ' ind2='7' tag='072'><subfield code='a'>004.4/.6</subfield><subfield code='x'>Programové vybavení. Programové prostředky</subfield><subfield code='2'>Konspekt</subfield><subfield code='9'>23</subfield></datafield><datafield ind1=' ' ind2=' ' tag='080'><subfield code='a'>004.738.12:004.41</subfield><subfield code='2'>MRF</subfield></datafield><datafield ind1=' ' ind2=' ' tag='080'><subfield code='a'>004.42AJAX</subfield><subfield code='2'>MRF</subfield></datafield><datafield ind1=' ' ind2=' ' tag='080'><subfield code='a'>(035)</subfield><subfield code='2'>MRF</subfield></datafield><datafield ind1='1' ind2=' ' tag='100'><subfield code='a'>Lacko, Ľuboslav,</subfield><subfield code='d'>1965-</subfield><subfield code='7'>xx0000397</subfield><subfield code='4'>aut</subfield></datafield><datafield ind1='1' ind2='0' tag='245'><subfield code='a'>Ajax :</subfield><subfield code='b'>hotová řešení /</subfield><subfield code='c'>Luboslav Lacko ; [překlad Michal Brůha]</subfield></datafield><datafield ind1=' ' ind2=' ' tag='250'><subfield code='a'>Vyd. 1.</subfield></datafield><datafield ind1=' ' ind2=' ' tag='260'><subfield code='a'>Brno :</subfield><subfield code='b'>Computer Press,</subfield><subfield code='c'>2008</subfield></datafield><datafield ind1=' ' ind2=' ' tag='300'><subfield code='a'>269 s. :</subfield><subfield code='b'>il. ;</subfield><subfield code='c'>23 cm +</subfield><subfield code='e'>1 DVD</subfield></datafield><datafield ind1='1' ind2=' ' tag='490'><subfield code='a'>K okamžitému použití</subfield></datafield><datafield ind1=' ' ind2=' ' tag='500'><subfield code='a'>Přeloženo ze slovenštiny</subfield></datafield><datafield ind1=' ' ind2=' ' tag='500'><subfield code='a'>Obsahuje rejstřík</subfield></datafield><datafield ind1='0' ind2='7' tag='650'><subfield code='a'>WWW design</subfield><subfield code='7'>ph249420</subfield><subfield code='2'>czenas</subfield></datafield><datafield ind1='0' ind2='7' tag='650'><subfield code='a'>AJAX technologie</subfield><subfield code='7'>ph378903</subfield><subfield code='2'>czenas</subfield></datafield><datafield ind1='0' ind2='9' tag='650'><subfield code='a'>web design</subfield><subfield code='2'>eczenas</subfield></datafield><datafield ind1='0' ind2='9' tag='650'><subfield code='a'>AJAX technology</subfield><subfield code='2'>eczenas</subfield></datafield><datafield ind1=' ' ind2='7' tag='655'><subfield code='a'>příručky</subfield><subfield code='7'>fd133209</subfield><subfield code='2'>czenas</subfield></datafield><datafield ind1=' ' ind2='9' tag='655'><subfield code='a'>handbooks, manuals, etc</subfield><subfield code='2'>eczenas</subfield></datafield><datafield ind1=' ' ind2='0' tag='830'><subfield code='a'>K okamžitému použití (Computer Press)</subfield><subfield code='0'>s</subfield></datafield><datafield ind1=' ' ind2=' ' tag='CAT'><subfield code='a'>BATELKOVA</subfield><subfield code='b'>20</subfield><subfield code='c'>20081125</subfield><subfield code='l'>CZU01</subfield><subfield code='h'>1123</subfield></datafield><datafield ind1=' ' ind2=' ' tag='CAT'><subfield code='a'>BATELKOVA</subfield><subfield code='b'>20</subfield><subfield code='c'>20081125</subfield><subfield code='l'>CZU01</subfield><subfield code='h'>1125</subfield></datafield><datafield ind1=' ' ind2=' ' tag='CAT'><subfield code='a'>BATELKOVA</subfield><subfield code='b'>20</subfield><subfield code='c'>20081125</subfield><subfield code='l'>CZU01</subfield><subfield code='h'>1125</subfield></datafield><datafield ind1=' ' ind2=' ' tag='CAT'><subfield code='a'>batch</subfield><subfield code='b'>00</subfield><subfield code='c'>20120323</subfield><subfield code='l'>CZU01</subfield><subfield code='h'>1719</subfield></datafield><datafield ind1=' ' ind2=' ' tag='910'><subfield code='a'>ABD026</subfield></datafield><datafield ind1=' ' ind2=' ' tag='SID'><subfield code='a'>Z39</subfield><subfield code='b'>SKC-Z</subfield></datafield><datafield ind1='0' ind2=' ' tag='090'><subfield code='b'>1</subfield></datafield></record>