
<record><leader>00000namZa22ZZZZZ7aZ4500</leader><controlfield tag='001'>000055975</controlfield><controlfield tag='003'>CZ-PrCZU</controlfield><controlfield tag='005'>20081118091407.0</controlfield><controlfield tag='007'>ta</controlfield><controlfield tag='008'>081118s2007----xr-----f-----||||-0-cze-d</controlfield><datafield ind1=' ' ind2=' ' tag='020'><subfield code='a'>978-80-86815-55-8 (váz.) :</subfield><subfield code='c'>Kč 360,00</subfield></datafield><datafield ind1=' ' ind2=' ' tag='035'><subfield code='a'>(OCoLC)137330248</subfield></datafield><datafield ind1=' ' ind2=' ' tag='040'><subfield code='b'>cze</subfield></datafield><datafield ind1=' ' ind2=' ' tag='040'><subfield code='a'>OLA001</subfield><subfield code='b'>cze</subfield><subfield code='d'>ABA001</subfield><subfield code='d'>ABD026</subfield></datafield><datafield ind1=' ' ind2='7' tag='072'><subfield code='a'>77</subfield><subfield code='x'>Fotografie. Fotografické postupy</subfield><subfield code='2'>Konspekt</subfield><subfield code='9'>21</subfield></datafield><datafield ind1=' ' ind2=' ' tag='080'><subfield code='a'>77.03/.08</subfield><subfield code='2'>MRF</subfield></datafield><datafield ind1=' ' ind2=' ' tag='080'><subfield code='a'>77.02</subfield><subfield code='2'>MRF</subfield></datafield><datafield ind1=' ' ind2=' ' tag='080'><subfield code='a'>592/599</subfield><subfield code='2'>MRF</subfield></datafield><datafield ind1=' ' ind2=' ' tag='080'><subfield code='a'>502.2</subfield><subfield code='2'>MRF</subfield></datafield><datafield ind1=' ' ind2=' ' tag='080'><subfield code='a'>7.04</subfield><subfield code='2'>MRF</subfield></datafield><datafield ind1=' ' ind2=' ' tag='080'><subfield code='a'>(035)</subfield><subfield code='2'>MRF</subfield></datafield><datafield ind1=' ' ind2=' ' tag='080'><subfield code='a'>(084.12)</subfield><subfield code='2'>MRF</subfield></datafield><datafield ind1='1' ind2=' ' tag='100'><subfield code='a'>Stach, Rostislav,</subfield><subfield code='d'>1960-</subfield><subfield code='7'>jx20050107030</subfield><subfield code='4'>aut</subfield></datafield><datafield ind1='1' ind2='0' tag='245'><subfield code='a'>Fotolovy :</subfield><subfield code='b'>naučte se fotografovat dobře zvířata v přírodě /</subfield><subfield code='c'>Rostislav Stach</subfield></datafield><datafield ind1='3' ind2='0' tag='246'><subfield code='a'>Naučte se fotografovat dobře zvířata v přírodě</subfield></datafield><datafield ind1=' ' ind2=' ' tag='250'><subfield code='a'>Vyd. 1.</subfield></datafield><datafield ind1=' ' ind2=' ' tag='260'><subfield code='a'>Brno :</subfield><subfield code='b'>Zoner Press,</subfield><subfield code='c'>2007</subfield></datafield><datafield ind1=' ' ind2=' ' tag='300'><subfield code='a'>176 s. :</subfield><subfield code='b'>barev. il. ;</subfield><subfield code='c'>27 cm</subfield></datafield><datafield ind1='1' ind2=' ' tag='490'><subfield code='a'>Encyklopedie - grafika a fotografie</subfield></datafield><datafield ind1='0' ind2='7' tag='650'><subfield code='a'>fotografie</subfield><subfield code='7'>ph114585</subfield><subfield code='2'>czenas</subfield></datafield><datafield ind1='0' ind2='7' tag='650'><subfield code='a'>fotografické techniky</subfield><subfield code='7'>ph200830</subfield><subfield code='2'>czenas</subfield></datafield><datafield ind1='0' ind2='7' tag='650'><subfield code='a'>zvířata</subfield><subfield code='7'>ph116793</subfield><subfield code='2'>czenas</subfield></datafield><datafield ind1='0' ind2='7' tag='650'><subfield code='a'>příroda</subfield><subfield code='7'>ph115994</subfield><subfield code='2'>czenas</subfield></datafield><datafield ind1='0' ind2='7' tag='650'><subfield code='a'>náměty, témata a motivy</subfield><subfield code='7'>ph138485</subfield><subfield code='2'>czenas</subfield></datafield><datafield ind1='0' ind2='9' tag='650'><subfield code='a'>photography</subfield><subfield code='2'>eczenas</subfield></datafield><datafield ind1='0' ind2='9' tag='650'><subfield code='a'>photographic techniques</subfield><subfield code='2'>eczenas</subfield></datafield><datafield ind1='0' ind2='9' tag='650'><subfield code='a'>animals</subfield><subfield code='2'>eczenas</subfield></datafield><datafield ind1='0' ind2='9' tag='650'><subfield code='a'>nature</subfield><subfield code='2'>eczenas</subfield></datafield><datafield ind1='0' ind2='9' tag='650'><subfield code='a'>themes and motives</subfield><subfield code='2'>eczenas</subfield></datafield><datafield ind1=' ' ind2='7' tag='655'><subfield code='a'>příručky</subfield><subfield code='7'>fd133209</subfield><subfield code='2'>czenas</subfield></datafield><datafield ind1=' ' ind2='7' tag='655'><subfield code='a'>fotografické publikace</subfield><subfield code='7'>fd132276</subfield><subfield code='2'>czenas</subfield></datafield><datafield ind1=' ' ind2='9' tag='655'><subfield code='a'>handbooks, manuals, etc</subfield><subfield code='2'>eczenas</subfield></datafield><datafield ind1=' ' ind2='9' tag='655'><subfield code='a'>photographical works</subfield><subfield code='2'>eczenas</subfield></datafield><datafield ind1=' ' ind2='0' tag='830'><subfield code='a'>Encyklopedie - grafika a fotografie</subfield></datafield><datafield ind1=' ' ind2=' ' tag='CAT'><subfield code='a'>BATELKOVA</subfield><subfield code='b'>20</subfield><subfield code='c'>20081118</subfield><subfield code='l'>CZU01</subfield><subfield code='h'>0912</subfield></datafield><datafield ind1=' ' ind2=' ' tag='CAT'><subfield code='a'>BATELKOVA</subfield><subfield code='b'>20</subfield><subfield code='c'>20081118</subfield><subfield code='l'>CZU01</subfield><subfield code='h'>0914</subfield></datafield><datafield ind1=' ' ind2=' ' tag='CAT'><subfield code='c'>20091215</subfield><subfield code='l'>CZU01</subfield><subfield code='h'>1326</subfield></datafield><datafield ind1=' ' ind2=' ' tag='CAT'><subfield code='a'>batch</subfield><subfield code='b'>00</subfield><subfield code='c'>20120323</subfield><subfield code='l'>CZU01</subfield><subfield code='h'>1719</subfield></datafield><datafield ind1=' ' ind2=' ' tag='910'><subfield code='a'>ABD026</subfield></datafield><datafield ind1=' ' ind2=' ' tag='900'><subfield code='a'>ABA001</subfield><subfield code='b'>17</subfield></datafield><datafield ind1='4' ind2=' ' tag='956'><subfield code='u'>http://toc.nkp.cz/NKC/200704/contents/nkc20071708868_1.pdf</subfield><subfield code='y'>Obsah</subfield><subfield code='4'>N</subfield></datafield><datafield ind1=' ' ind2=' ' tag='SID'><subfield code='a'>Z39</subfield><subfield code='b'>SKC-Z-SN</subfield></datafield><datafield ind1='0' ind2=' ' tag='090'><subfield code='b'>1</subfield></datafield></record>