
<record><leader>00000namZa22ZZZZZ7aZ4500</leader><controlfield tag='001'>000055659</controlfield><controlfield tag='003'>CZ-PrCZU</controlfield><controlfield tag='005'>20081030083921.0</controlfield><controlfield tag='008'>081014s2008----xr-----f-----||||-0-cze--</controlfield><datafield ind1=' ' ind2=' ' tag='020'><subfield code='a'>978-80-87197-10-3</subfield></datafield><datafield ind1=' ' ind2=' ' tag='040'><subfield code='a'>ABD026</subfield><subfield code='b'>cze</subfield></datafield><datafield ind1=' ' ind2='7' tag='072'><subfield code='a'>510</subfield><subfield code='x'>Obecné úvahy o matematice</subfield><subfield code='2'>Konspekt</subfield><subfield code='9'>13</subfield></datafield><datafield ind1=' ' ind2=' ' tag='080'><subfield code='a'>510.5</subfield><subfield code='2'>MRF</subfield></datafield><datafield ind1='1' ind2=' ' tag='100'><subfield code='a'>Milková, Eva</subfield><subfield code='7'>xx0010694</subfield><subfield code='4'>aut</subfield></datafield><datafield ind1='1' ind2='0' tag='245'><subfield code='a'>Algoritmy :</subfield><subfield code='b'>Objasnění, procvičení a vizualizace základních algoritmických konstrukcí /</subfield><subfield code='c'>Eva Milková</subfield></datafield><datafield ind1=' ' ind2=' ' tag='250'><subfield code='a'>1. vyd.</subfield></datafield><datafield ind1=' ' ind2=' ' tag='260'><subfield code='a'>Praha :</subfield><subfield code='b'>Alfa Nakladatelství,</subfield><subfield code='c'>2008</subfield></datafield><datafield ind1=' ' ind2=' ' tag='300'><subfield code='a'>114 s.</subfield><subfield code='e'>CD</subfield></datafield><datafield ind1='0' ind2='7' tag='650'><subfield code='a'>algoritmy</subfield><subfield code='7'>ph114026</subfield><subfield code='2'>czenas</subfield></datafield><datafield ind1=' ' ind2='7' tag='655'><subfield code='a'>učebnice vysokých škol</subfield><subfield code='7'>fd133772</subfield><subfield code='2'>czenas</subfield></datafield><datafield ind1=' ' ind2=' ' tag='CAT'><subfield code='a'>KULHAVA</subfield><subfield code='b'>20</subfield><subfield code='c'>20081014</subfield><subfield code='l'>CZU01</subfield><subfield code='h'>1256</subfield></datafield><datafield ind1=' ' ind2=' ' tag='CAT'><subfield code='a'>KULHAVA</subfield><subfield code='b'>20</subfield><subfield code='c'>20081014</subfield><subfield code='l'>CZU01</subfield><subfield code='h'>1256</subfield></datafield><datafield ind1=' ' ind2=' ' tag='CAT'><subfield code='a'>KULHAVA</subfield><subfield code='b'>20</subfield><subfield code='c'>20081014</subfield><subfield code='l'>CZU01</subfield><subfield code='h'>1258</subfield></datafield><datafield ind1=' ' ind2=' ' tag='CAT'><subfield code='a'>KULHAVA</subfield><subfield code='b'>20</subfield><subfield code='c'>20081014</subfield><subfield code='l'>CZU01</subfield><subfield code='h'>1258</subfield></datafield><datafield ind1=' ' ind2=' ' tag='CAT'><subfield code='a'>KULHAVA</subfield><subfield code='b'>20</subfield><subfield code='c'>20081014</subfield><subfield code='l'>CZU01</subfield><subfield code='h'>1259</subfield></datafield><datafield ind1=' ' ind2=' ' tag='CAT'><subfield code='a'>KULHAVA</subfield><subfield code='b'>20</subfield><subfield code='c'>20081030</subfield><subfield code='l'>CZU01</subfield><subfield code='h'>0836</subfield></datafield><datafield ind1=' ' ind2=' ' tag='CAT'><subfield code='a'>KULHAVA</subfield><subfield code='b'>20</subfield><subfield code='c'>20081030</subfield><subfield code='l'>CZU01</subfield><subfield code='h'>0838</subfield></datafield><datafield ind1=' ' ind2=' ' tag='CAT'><subfield code='a'>KULHAVA</subfield><subfield code='b'>20</subfield><subfield code='c'>20081030</subfield><subfield code='l'>CZU01</subfield><subfield code='h'>0839</subfield></datafield><datafield ind1=' ' ind2=' ' tag='CAT'><subfield code='a'>KULHAVA</subfield><subfield code='b'>20</subfield><subfield code='c'>20081030</subfield><subfield code='l'>CZU01</subfield><subfield code='h'>0839</subfield></datafield><datafield ind1=' ' ind2=' ' tag='CAT'><subfield code='a'>batch</subfield><subfield code='b'>00</subfield><subfield code='c'>20120323</subfield><subfield code='l'>CZU01</subfield><subfield code='h'>1719</subfield></datafield><datafield ind1=' ' ind2=' ' tag='EXE'><subfield code='a'>CZU</subfield><subfield code='b'>ZK</subfield><subfield code='c'>BOOK</subfield><subfield code='d'>30</subfield><subfield code='e'>08/7482</subfield><subfield code='f'>08/7482</subfield><subfield code='h'>04</subfield><subfield code='j'>199,00</subfield></datafield><datafield ind1=' ' ind2=' ' tag='910'><subfield code='a'>ABD026</subfield></datafield><datafield ind1='0' ind2=' ' tag='090'><subfield code='b'>6</subfield></datafield></record>