
<record><leader>00000namZa22ZZZZZ7aZ4500</leader><controlfield tag='001'>000055538</controlfield><controlfield tag='003'>CZ-PrCZU</controlfield><controlfield tag='005'>20080925145005.0</controlfield><controlfield tag='007'>ta</controlfield><controlfield tag='008'>051028s2005----xr-a---f-f----001-0-cze--</controlfield><datafield ind1=' ' ind2=' ' tag='020'><subfield code='a'>80-251-0697-7 (váz.) :</subfield><subfield code='c'>Kč 690,00</subfield></datafield><datafield ind1=' ' ind2=' ' tag='035'><subfield code='a'>(OCoLC)85164277</subfield></datafield><datafield ind1=' ' ind2=' ' tag='040'><subfield code='a'>OLA001</subfield><subfield code='b'>cze</subfield><subfield code='d'>BOA001</subfield><subfield code='d'>ABA001</subfield><subfield code='d'>ABD026</subfield></datafield><datafield ind1='1' ind2=' ' tag='041'><subfield code='a'>cze</subfield><subfield code='h'>eng</subfield></datafield><datafield ind1=' ' ind2='7' tag='072'><subfield code='a'>004.7</subfield><subfield code='x'>Počítačové sítě</subfield><subfield code='2'>Konspekt</subfield><subfield code='9'>23</subfield></datafield><datafield ind1=' ' ind2=' ' tag='080'><subfield code='a'>004.7.056</subfield><subfield code='2'>MRF</subfield></datafield><datafield ind1=' ' ind2=' ' tag='080'><subfield code='a'>(035)</subfield><subfield code='2'>MRF</subfield></datafield><datafield ind1='0' ind2='0' tag='245'><subfield code='a'>Bezpečnost sítí :</subfield><subfield code='b'>velká kniha /</subfield><subfield code='c'>Stephen Northcutt ... [et al. ; překlad Miloš Trávníček, David Krásenský]</subfield></datafield><datafield ind1='3' ind2=' ' tag='246'><subfield code='a'>Bezpečnost sítí - velká kniha</subfield></datafield><datafield ind1='1' ind2='4' tag='246'><subfield code='a'>Bezpečnost počítačových sítí :</subfield><subfield code='b'>kompletní průvodce návrhem, implementací a údržbou zabezpečené sítě</subfield></datafield><datafield ind1=' ' ind2=' ' tag='250'><subfield code='a'>Vyd. 1.</subfield></datafield><datafield ind1=' ' ind2=' ' tag='260'><subfield code='a'>Brno :</subfield><subfield code='b'>CP Books,</subfield><subfield code='c'>2005</subfield></datafield><datafield ind1=' ' ind2=' ' tag='300'><subfield code='a'>589 s. :</subfield><subfield code='b'>il. ;</subfield><subfield code='c'>24 cm</subfield></datafield><datafield ind1='1' ind2=' ' tag='490'><subfield code='a'>Security</subfield></datafield><datafield ind1=' ' ind2=' ' tag='500'><subfield code='a'>Přeloženo z angličtiny</subfield></datafield><datafield ind1=' ' ind2=' ' tag='504'><subfield code='a'>Obsahuje bibliografické odkazy a rejstřík</subfield></datafield><datafield ind1='0' ind2='7' tag='650'><subfield code='a'>zabezpečení počítačových sítí</subfield><subfield code='7'>ph127513</subfield><subfield code='2'>czenas</subfield></datafield><datafield ind1='0' ind2='9' tag='650'><subfield code='a'>computer network security</subfield><subfield code='2'>eczenas</subfield></datafield><datafield ind1=' ' ind2='7' tag='655'><subfield code='a'>příručky</subfield><subfield code='7'>fd133209</subfield><subfield code='2'>czenas</subfield></datafield><datafield ind1=' ' ind2='9' tag='655'><subfield code='a'>handbooks, manuals, etc.</subfield><subfield code='2'>eczenas</subfield></datafield><datafield ind1='1' ind2=' ' tag='700'><subfield code='a'>Northcutt, Stephen</subfield><subfield code='7'>mzk2005309238</subfield><subfield code='4'>aut</subfield></datafield><datafield ind1='0' ind2=' ' tag='765'><subfield code='t'>Inside network perimeter security</subfield><subfield code='9'>Česky</subfield></datafield><datafield ind1=' ' ind2='0' tag='830'><subfield code='a'>Security (CP Books)</subfield></datafield><datafield ind1=' ' ind2=' ' tag='CAT'><subfield code='a'>BATELKOVA</subfield><subfield code='b'>20</subfield><subfield code='c'>20080925</subfield><subfield code='l'>CZU01</subfield><subfield code='h'>1450</subfield></datafield><datafield ind1=' ' ind2=' ' tag='CAT'><subfield code='a'>batch</subfield><subfield code='b'>00</subfield><subfield code='c'>20120323</subfield><subfield code='l'>CZU01</subfield><subfield code='h'>1719</subfield></datafield><datafield ind1=' ' ind2=' ' tag='910'><subfield code='a'>ABD026</subfield></datafield><datafield ind1=' ' ind2=' ' tag='SID'><subfield code='a'>Z39</subfield><subfield code='b'>SKC-Z-SN</subfield></datafield><datafield ind1='0' ind2=' ' tag='090'><subfield code='b'>1</subfield></datafield></record>