
<record><leader>00000namZa22ZZZZZ7aZ4500</leader><controlfield tag='001'>000054015</controlfield><controlfield tag='003'>CZ-PrCZU</controlfield><controlfield tag='005'>20071129090133.0</controlfield><controlfield tag='008'>071129s2006----xxu|||||-|||||||||||eng-d</controlfield><datafield ind1=' ' ind2=' ' tag='020'><subfield code='a'>1590595165</subfield></datafield><datafield ind1=' ' ind2=' ' tag='040'><subfield code='a'>ABD026</subfield><subfield code='b'>cze</subfield></datafield><datafield ind1=' ' ind2='7' tag='072'><subfield code='a'>004</subfield><subfield code='x'>Počítačová věda. Výpočetní technika. Informační technologie</subfield><subfield code='2'>Konspekt</subfield><subfield code='9'>23</subfield></datafield><datafield ind1=' ' ind2=' ' tag='080'><subfield code='a'>004.438Java</subfield><subfield code='2'>MRF</subfield></datafield><datafield ind1=' ' ind2=' ' tag='080'><subfield code='a'>04.42</subfield><subfield code='2'>MRF</subfield></datafield><datafield ind1='1' ind2=' ' tag='100'><subfield code='a'>Monkhouse, Andrew</subfield><subfield code='4'>aut</subfield></datafield><datafield ind1='1' ind2='0' tag='245'><subfield code='a'>SCJD Exam with J2SE 5 /</subfield><subfield code='c'>Andrew Monkhouse and Terry Camerlengo</subfield></datafield><datafield ind1='1' ind2='3' tag='246'><subfield code='a'>Sun Certified Java Developer Exam with JS2E 5</subfield></datafield><datafield ind1=' ' ind2=' ' tag='250'><subfield code='a'>2nd ed</subfield></datafield><datafield ind1=' ' ind2=' ' tag='260'><subfield code='a'>[Berkley] :</subfield><subfield code='b'>Apress,</subfield><subfield code='c'>c2006</subfield></datafield><datafield ind1=' ' ind2=' ' tag='300'><subfield code='a'>xvii, 342 s.</subfield></datafield><datafield ind1=' ' ind2=' ' tag='500'><subfield code='a'>Obsahuje index</subfield></datafield><datafield ind1=' ' ind2=' ' tag='500'><subfield code='a'>Na obálce : &quot;Master the practices and core concepts necessery to pass the Sun Certified Java Developer (SCJD) exam.&quot;</subfield></datafield><datafield ind1='0' ind2='7' tag='650'><subfield code='a'>Java</subfield><subfield code='7'>ph117027</subfield><subfield code='2'>czenas</subfield></datafield><datafield ind1='0' ind2='9' tag='650'><subfield code='a'>Java</subfield><subfield code='2'>eczenas</subfield></datafield><datafield ind1='0' ind2='7' tag='650'><subfield code='a'>programování</subfield><subfield code='7'>ph115891</subfield><subfield code='2'>czenas</subfield></datafield><datafield ind1='0' ind2='9' tag='650'><subfield code='a'>programming</subfield><subfield code='2'>eczenas</subfield></datafield><datafield ind1=' ' ind2='7' tag='655'><subfield code='a'>učební texty</subfield><subfield code='7'>fd133599</subfield><subfield code='2'>czenas</subfield></datafield><datafield ind1='1' ind2=' ' tag='700'><subfield code='a'>Camerlengo, Terry</subfield><subfield code='4'>aut</subfield></datafield><datafield ind1=' ' ind2=' ' tag='CAT'><subfield code='a'>CZU</subfield><subfield code='b'>00</subfield><subfield code='c'>20071129</subfield><subfield code='l'>CZU01</subfield><subfield code='h'>0901</subfield></datafield><datafield ind1=' ' ind2=' ' tag='CAT'><subfield code='c'>20080313</subfield><subfield code='l'>CZU01</subfield><subfield code='h'>1519</subfield></datafield><datafield ind1=' ' ind2=' ' tag='CAT'><subfield code='a'>batch</subfield><subfield code='b'>00</subfield><subfield code='c'>20120323</subfield><subfield code='l'>CZU01</subfield><subfield code='h'>1719</subfield></datafield><datafield ind1=' ' ind2=' ' tag='910'><subfield code='a'>ABD026</subfield></datafield><datafield ind1='0' ind2=' ' tag='090'><subfield code='b'>1</subfield></datafield></record>