
<record><leader>00000namZa22ZZZZZ7aZ4500</leader><controlfield tag='001'>000054008</controlfield><controlfield tag='003'>CZ-PrCZU</controlfield><controlfield tag='005'>20071128121038.0</controlfield><controlfield tag='008'>071128s2003----ne-|||||-|||||||||||eng-d</controlfield><datafield ind1=' ' ind2=' ' tag='020'><subfield code='a'>1558608915</subfield></datafield><datafield ind1=' ' ind2=' ' tag='040'><subfield code='a'>ABD026</subfield><subfield code='b'>cze</subfield></datafield><datafield ind1=' ' ind2='7' tag='072'><subfield code='a'>004</subfield><subfield code='x'>Počítačová věda. Výpočetní technika. Informační technologie</subfield><subfield code='2'>Konspekt</subfield><subfield code='9'>23</subfield></datafield><datafield ind1=' ' ind2=' ' tag='080'><subfield code='a'>316.42:004</subfield><subfield code='2'>MRF</subfield></datafield><datafield ind1=' ' ind2=' ' tag='080'><subfield code='a'>004.6</subfield><subfield code='2'>MRF</subfield></datafield><datafield ind1=' ' ind2=' ' tag='080'><subfield code='a'>004.652</subfield><subfield code='2'>MRF</subfield></datafield><datafield ind1='1' ind2=' ' tag='100'><subfield code='a'>Olson, Jack E.</subfield><subfield code='4'>aut</subfield></datafield><datafield ind1='1' ind2='0' tag='245'><subfield code='a'>Data quality :</subfield><subfield code='b'>the accuracy dimension /</subfield><subfield code='c'>Jack E. Olson</subfield></datafield><datafield ind1=' ' ind2=' ' tag='260'><subfield code='a'>Amsterodam :</subfield><subfield code='b'>Morgan Kaufman,</subfield><subfield code='c'>2003</subfield></datafield><datafield ind1=' ' ind2=' ' tag='300'><subfield code='a'>xviii, 293 s.</subfield></datafield><datafield ind1=' ' ind2=' ' tag='500'><subfield code='a'>Na obálce: &quot;Foreword by Colin White president, intelligent business strategies.&quot;</subfield></datafield><datafield ind1='0' ind2='7' tag='650'><subfield code='a'>kvalita dat</subfield><subfield code='2'>CZ-PrCZU</subfield></datafield><datafield ind1='0' ind2='7' tag='650'><subfield code='a'>management jakosti</subfield><subfield code='7'>ph115218</subfield><subfield code='2'>czenas</subfield></datafield><datafield ind1='0' ind2='9' tag='650'><subfield code='a'>Quality control</subfield><subfield code='2'>eczenas</subfield></datafield><datafield ind1='0' ind2='7' tag='650'><subfield code='a'>data</subfield><subfield code='7'>ph119329</subfield><subfield code='2'>czenas</subfield></datafield><datafield ind1='0' ind2='9' tag='650'><subfield code='a'>data</subfield><subfield code='2'>eczenas</subfield></datafield><datafield ind1='0' ind2='7' tag='650'><subfield code='a'>databáze</subfield><subfield code='7'>ph114295</subfield><subfield code='2'>czenas</subfield></datafield><datafield ind1='0' ind2='9' tag='650'><subfield code='a'>databases</subfield><subfield code='2'>eczenas</subfield></datafield><datafield ind1=' ' ind2='7' tag='655'><subfield code='a'>monografie</subfield><subfield code='7'>fd132842</subfield><subfield code='2'>czenas</subfield></datafield><datafield ind1=' ' ind2='7' tag='655'><subfield code='a'>monografie</subfield><subfield code='7'>fd132842</subfield><subfield code='2'>czenas</subfield></datafield><datafield ind1=' ' ind2=' ' tag='CAT'><subfield code='a'>CZU</subfield><subfield code='b'>00</subfield><subfield code='c'>20071128</subfield><subfield code='l'>CZU01</subfield><subfield code='h'>1210</subfield></datafield><datafield ind1=' ' ind2=' ' tag='CAT'><subfield code='c'>20080313</subfield><subfield code='l'>CZU01</subfield><subfield code='h'>1519</subfield></datafield><datafield ind1=' ' ind2=' ' tag='CAT'><subfield code='a'>batch</subfield><subfield code='b'>00</subfield><subfield code='c'>20120323</subfield><subfield code='l'>CZU01</subfield><subfield code='h'>1719</subfield></datafield><datafield ind1=' ' ind2=' ' tag='910'><subfield code='a'>ABD026</subfield></datafield><datafield ind1='0' ind2=' ' tag='090'><subfield code='b'>1</subfield></datafield></record>