
<record><leader>00000namZa22ZZZZZ7aZ4500</leader><controlfield tag='001'>000054006</controlfield><controlfield tag='003'>CZ-PrCZU</controlfield><controlfield tag='005'>20140903145101.0</controlfield><controlfield tag='008'>071128s2007----xxu|||||-|||||||||||eng-d</controlfield><datafield ind1=' ' ind2=' ' tag='020'><subfield code='z'>978-981-270-649-2</subfield></datafield><datafield ind1=' ' ind2=' ' tag='020'><subfield code='z'>981-270-649-6</subfield></datafield><datafield ind1=' ' ind2=' ' tag='040'><subfield code='a'>CaPaEBR</subfield><subfield code='b'>cze</subfield><subfield code='d'>ABA001</subfield><subfield code='d'>ABD026</subfield></datafield><datafield ind1=' ' ind2='7' tag='072'><subfield code='a'>510</subfield><subfield code='x'>Obecné úvahy o matematice</subfield><subfield code='2'>Konspekt</subfield><subfield code='9'>13</subfield></datafield><datafield ind1=' ' ind2=' ' tag='080'><subfield code='a'>510.6-021.167</subfield><subfield code='2'>MRF</subfield></datafield><datafield ind1=' ' ind2=' ' tag='080'><subfield code='a'>338.27</subfield><subfield code='2'>MRF</subfield></datafield><datafield ind1=' ' ind2=' ' tag='080'><subfield code='a'>005.311.6</subfield><subfield code='2'>MRF</subfield></datafield><datafield ind1='1' ind2=' ' tag='100'><subfield code='a'>Bojadziev, George</subfield></datafield><datafield ind1='1' ind2='0' tag='245'><subfield code='a'>Fuzzy logic for business, finance, and management /</subfield><subfield code='c'>George Bojadziev, Maria Bojadziev.</subfield></datafield><datafield ind1=' ' ind2=' ' tag='250'><subfield code='a'>2nd ed.</subfield></datafield><datafield ind1=' ' ind2=' ' tag='260'><subfield code='a'>Hackensack, NJ :</subfield><subfield code='b'>World Scientific,</subfield><subfield code='c'>c2007</subfield></datafield><datafield ind1=' ' ind2=' ' tag='300'><subfield code='a'>xvii, 232 p. :</subfield><subfield code='b'>ill. ;</subfield><subfield code='c'>24 cm</subfield></datafield><datafield ind1='1' ind2=' ' tag='490'><subfield code='a'>Advanced in Fuzzy Systems : Aplications and Theory ;</subfield><subfield code='v'>v. 23</subfield></datafield><datafield ind1='1' ind2=' ' tag='490'><subfield code='a'>Advances in fuzzy systems ;</subfield><subfield code='v'>v. 12</subfield></datafield><datafield ind1=' ' ind2=' ' tag='500'><subfield code='a'>Obsahuje bibliografie na s.217-220 a rejstřík</subfield></datafield><datafield ind1=' ' ind2=' ' tag='504'><subfield code='a'>Obsahuje bibliografické odkazy a rejstřík</subfield></datafield><datafield ind1='0' ind2='7' tag='650'><subfield code='a'>fuzzy logika</subfield><subfield code='7'>ph120411</subfield><subfield code='2'>czenas</subfield></datafield><datafield ind1='0' ind2='9' tag='650'><subfield code='a'>fuzzy logic</subfield><subfield code='2'>eczenas</subfield></datafield><datafield ind1='0' ind2='7' tag='650'><subfield code='a'>ekonomické prognózování</subfield><subfield code='7'>ph119832</subfield><subfield code='2'>czenas</subfield></datafield><datafield ind1='0' ind2='9' tag='650'><subfield code='a'>economic forecasting</subfield><subfield code='2'>eczenas</subfield></datafield><datafield ind1='0' ind2='7' tag='650'><subfield code='a'>rozhodování</subfield><subfield code='7'>ph125259</subfield><subfield code='2'>czenas</subfield></datafield><datafield ind1='0' ind2='9' tag='650'><subfield code='a'>decision making</subfield><subfield code='2'>eczenas</subfield></datafield><datafield ind1=' ' ind2='7' tag='655'><subfield code='a'>monografie</subfield><subfield code='7'>fd132842</subfield><subfield code='2'>czenas</subfield></datafield><datafield ind1='0' ind2='7' tag='650'><subfield code='a'>fuzzy logika</subfield><subfield code='7'>ph120411</subfield><subfield code='2'>czenas</subfield></datafield><datafield ind1='0' ind2='7' tag='650'><subfield code='a'>systémová analýza</subfield><subfield code='7'>ph116372</subfield><subfield code='2'>czenas</subfield></datafield><datafield ind1='1' ind2=' ' tag='700'><subfield code='a'>Bojadziev, Maria</subfield></datafield><datafield ind1=' ' ind2='0' tag='830'><subfield code='a'>Advanced in Fuzzy Systems : Aplications and Theory</subfield></datafield><datafield ind1='4' ind2='2' tag='856'><subfield code='u'>http://www.nkp.cz/katalogy-a-databaze/licencovane-databaze/prehled-licencovanych-zdroju/ebrary-vypujcky</subfield><subfield code='y'>Informace o výpůjčkách e-knih</subfield><subfield code='4'>N</subfield></datafield><datafield ind1='4' ind2='0' tag='856'><subfield code='u'>http://site.ebrary.com/lib/natl/Doc?id=10188828</subfield><subfield code='y'>Plný text - pro registrované uživatele NK ČR</subfield><subfield code='4'>N</subfield></datafield><datafield ind1=' ' ind2=' ' tag='CAT'><subfield code='a'>CZU</subfield><subfield code='b'>00</subfield><subfield code='c'>20071128</subfield><subfield code='l'>CZU01</subfield><subfield code='h'>0958</subfield></datafield><datafield ind1=' ' ind2=' ' tag='CAT'><subfield code='a'>CZU</subfield><subfield code='b'>00</subfield><subfield code='c'>20071128</subfield><subfield code='l'>CZU01</subfield><subfield code='h'>1613</subfield></datafield><datafield ind1=' ' ind2=' ' tag='CAT'><subfield code='c'>20080313</subfield><subfield code='l'>CZU01</subfield><subfield code='h'>1519</subfield></datafield><datafield ind1=' ' ind2=' ' tag='CAT'><subfield code='c'>20091215</subfield><subfield code='l'>CZU01</subfield><subfield code='h'>1325</subfield></datafield><datafield ind1=' ' ind2=' ' tag='CAT'><subfield code='a'>batch</subfield><subfield code='b'>00</subfield><subfield code='c'>20120323</subfield><subfield code='l'>CZU01</subfield><subfield code='h'>1719</subfield></datafield><datafield ind1=' ' ind2=' ' tag='CAT'><subfield code='a'>BATELKOVA</subfield><subfield code='b'>20</subfield><subfield code='c'>20120514</subfield><subfield code='l'>CZU01</subfield><subfield code='h'>1337</subfield></datafield><datafield ind1=' ' ind2=' ' tag='CAT'><subfield code='a'>CEDIKOVA</subfield><subfield code='b'>20</subfield><subfield code='c'>20140903</subfield><subfield code='l'>CZU01</subfield><subfield code='h'>1451</subfield></datafield><datafield ind1=' ' ind2=' ' tag='910'><subfield code='a'>ABD026</subfield></datafield><datafield ind1=' ' ind2=' ' tag='998'><subfield code='a'>002122177</subfield></datafield><datafield ind1=' ' ind2=' ' tag='SID'><subfield code='a'>Z39</subfield><subfield code='b'>JIB-Z</subfield></datafield><datafield ind1='0' ind2=' ' tag='090'><subfield code='b'>2</subfield></datafield></record>