
<record><leader>00000camZZ22003134aZ4500</leader><controlfield tag='001'>000053990</controlfield><controlfield tag='003'>CZ-PrCU</controlfield><controlfield tag='005'>20140128104538.0</controlfield><controlfield tag='008'>050216s2006----paua-----b----001-0-eng--</controlfield><datafield ind1=' ' ind2=' ' tag='020'><subfield code='a'>1591406048 (hard cover)</subfield></datafield><datafield ind1=' ' ind2=' ' tag='020'><subfield code='a'>1591406056 (softcover)</subfield></datafield><datafield ind1=' ' ind2=' ' tag='020'><subfield code='a'>1591406064 (ebook)</subfield></datafield><datafield ind1=' ' ind2=' ' tag='040'><subfield code='a'>DLC</subfield><subfield code='c'>DLC</subfield><subfield code='d'>DLC</subfield><subfield code='d'>ABD026</subfield></datafield><datafield ind1='0' ind2='0' tag='245'><subfield code='a'>Management of the object-oriented development process /</subfield><subfield code='c'>[edited by] Liping Liu, Borislav Roussev.</subfield></datafield><datafield ind1=' ' ind2=' ' tag='260'><subfield code='a'>Hershey :</subfield><subfield code='b'>Idea Group Pub.,</subfield><subfield code='c'>c2006.</subfield></datafield><datafield ind1=' ' ind2=' ' tag='300'><subfield code='a'>x, 372 p. :</subfield><subfield code='b'>ill. ;</subfield><subfield code='c'>26 cm.</subfield></datafield><datafield ind1=' ' ind2=' ' tag='520'><subfield code='a'>&quot;This book consists of a series of high-level discussions on technical and managerial issues related to object-oriented development&quot;--Provided by publisher.</subfield></datafield><datafield ind1=' ' ind2=' ' tag='504'><subfield code='a'>Includes bibliographical references and index.</subfield></datafield><datafield ind1=' ' ind2='0' tag='650'><subfield code='a'>Object-oriented programming (Computer science)</subfield></datafield><datafield ind1=' ' ind2='0' tag='650'><subfield code='a'>Computer software</subfield><subfield code='x'>Development.</subfield></datafield><datafield ind1='1' ind2=' ' tag='700'><subfield code='a'>Liu, Liping,</subfield><subfield code='d'>1962-</subfield><subfield code='7'>stk2008461262</subfield></datafield><datafield ind1='1' ind2=' ' tag='700'><subfield code='a'>Roussev, Boris.</subfield></datafield><datafield ind1=' ' ind2=' ' tag='CAT'><subfield code='a'>CZU</subfield><subfield code='b'>00</subfield><subfield code='c'>20071126</subfield><subfield code='l'>CZU01</subfield><subfield code='h'>1517</subfield></datafield><datafield ind1=' ' ind2=' ' tag='CAT'><subfield code='c'>20080313</subfield><subfield code='l'>CZU01</subfield><subfield code='h'>1519</subfield></datafield><datafield ind1=' ' ind2=' ' tag='CAT'><subfield code='a'>batch</subfield><subfield code='b'>00</subfield><subfield code='c'>20120323</subfield><subfield code='l'>CZU01</subfield><subfield code='h'>1719</subfield></datafield><datafield ind1=' ' ind2=' ' tag='CAT'><subfield code='a'>KULHAVA</subfield><subfield code='b'>20</subfield><subfield code='c'>20140128</subfield><subfield code='l'>CZU01</subfield><subfield code='h'>1045</subfield></datafield><datafield ind1=' ' ind2=' ' tag='SID'><subfield code='a'>Z39</subfield><subfield code='b'>JIB-Z-SN</subfield></datafield><datafield ind1=' ' ind2=' ' tag='910'><subfield code='a'>ABD026</subfield></datafield><datafield ind1='0' ind2=' ' tag='090'><subfield code='b'>2</subfield></datafield></record>