
<record><leader>00000camZZ2200313ZaZ4500</leader><controlfield tag='001'>000053989</controlfield><controlfield tag='003'>CZ-PrCU</controlfield><controlfield tag='005'>20081112085353.0</controlfield><controlfield tag='008'>981001s1999----xxua-----b----001-0-eng--</controlfield><datafield ind1=' ' ind2=' ' tag='020'><subfield code='a'>0521652626 (hb)</subfield></datafield><datafield ind1=' ' ind2=' ' tag='040'><subfield code='a'>DLC</subfield><subfield code='c'>DLC</subfield><subfield code='d'>DLC</subfield><subfield code='d'>ABD026</subfield></datafield><datafield ind1='0' ind2='0' tag='050'><subfield code='a'>QA76.9.O35</subfield><subfield code='b'>A46 1999</subfield></datafield><datafield ind1='1' ind2=' ' tag='100'><subfield code='a'>Ambler, Scott W.,</subfield><subfield code='d'>1966-</subfield></datafield><datafield ind1='1' ind2='0' tag='245'><subfield code='a'>More process patterns :</subfield><subfield code='b'>delivering large-scale systems using object technology /</subfield><subfield code='c'>Scott W. Ambler.</subfield></datafield><datafield ind1=' ' ind2=' ' tag='260'><subfield code='a'>Cambridge ;</subfield><subfield code='a'>New York :</subfield><subfield code='b'>Cambridge University Press ;</subfield><subfield code='b'>SIGS Books,</subfield><subfield code='c'>1999.</subfield></datafield><datafield ind1=' ' ind2=' ' tag='300'><subfield code='a'>xlii, 369 p. :</subfield><subfield code='b'>ill. ;</subfield><subfield code='c'>24 cm.</subfield></datafield><datafield ind1='1' ind2=' ' tag='490'><subfield code='a'>Managing object technology series ;</subfield><subfield code='v'>19</subfield></datafield><datafield ind1=' ' ind2=' ' tag='500'><subfield code='a'>Sequel to: Process patterns.</subfield></datafield><datafield ind1=' ' ind2=' ' tag='504'><subfield code='a'>Includes bibliographical references and index.</subfield></datafield><datafield ind1=' ' ind2=' ' tag='653'><subfield code='a'>PROGRAMOVÁNÍ</subfield></datafield><datafield ind1=' ' ind2='0' tag='650'><subfield code='a'>Object-oriented methods (Computer science)</subfield></datafield><datafield ind1=' ' ind2='0' tag='650'><subfield code='a'>Computer software</subfield><subfield code='x'>Development.</subfield></datafield><datafield ind1=' ' ind2='0' tag='830'><subfield code='a'>Managing object technology series</subfield></datafield><datafield ind1=' ' ind2=' ' tag='CAT'><subfield code='a'>CZU</subfield><subfield code='b'>00</subfield><subfield code='c'>20071126</subfield><subfield code='l'>CZU01</subfield><subfield code='h'>1504</subfield></datafield><datafield ind1=' ' ind2=' ' tag='CAT'><subfield code='a'>CZU</subfield><subfield code='b'>00</subfield><subfield code='c'>20071126</subfield><subfield code='l'>CZU01</subfield><subfield code='h'>1505</subfield></datafield><datafield ind1=' ' ind2=' ' tag='CAT'><subfield code='c'>20080313</subfield><subfield code='l'>CZU01</subfield><subfield code='h'>1519</subfield></datafield><datafield ind1=' ' ind2=' ' tag='CAT'><subfield code='a'>KULHAVA</subfield><subfield code='b'>20</subfield><subfield code='c'>20081112</subfield><subfield code='l'>CZU01</subfield><subfield code='h'>0853</subfield></datafield><datafield ind1=' ' ind2=' ' tag='CAT'><subfield code='c'>20091215</subfield><subfield code='l'>CZU01</subfield><subfield code='h'>1325</subfield></datafield><datafield ind1=' ' ind2=' ' tag='CAT'><subfield code='a'>batch</subfield><subfield code='b'>00</subfield><subfield code='c'>20120323</subfield><subfield code='l'>CZU01</subfield><subfield code='h'>1719</subfield></datafield><datafield ind1=' ' ind2=' ' tag='SID'><subfield code='a'>Z39</subfield><subfield code='b'>JIB-Z-SN</subfield></datafield><datafield ind1=' ' ind2=' ' tag='910'><subfield code='a'>ABD026</subfield></datafield><datafield ind1='0' ind2=' ' tag='090'><subfield code='b'>2</subfield></datafield></record>