
<record><leader>00000camZZ2200337ZaZ4500</leader><controlfield tag='001'>000053987</controlfield><controlfield tag='003'>CZ-PrCU</controlfield><controlfield tag='005'>20120627094442.0</controlfield><controlfield tag='008'>931203s1994----coua-----b----101-0-eng--</controlfield><datafield ind1=' ' ind2=' ' tag='020'><subfield code='a'>081331951X</subfield></datafield><datafield ind1=' ' ind2=' ' tag='040'><subfield code='a'>DLC</subfield><subfield code='c'>DLC</subfield><subfield code='d'>DLC</subfield><subfield code='d'>ABD026</subfield></datafield><datafield ind1='1' ind2=' ' tag='041'><subfield code='a'>eng</subfield><subfield code='h'>chi</subfield></datafield><datafield ind1='0' ind2=' ' tag='100'><subfield code='a'>Sunzi,</subfield><subfield code='d'>6th cent. B.C.</subfield></datafield><datafield ind1='1' ind2='0' tag='240'><subfield code='a'>Sunzi bing fa.</subfield><subfield code='l'>English</subfield></datafield><datafield ind1='1' ind2='4' tag='245'><subfield code='a'>The art of war =</subfield><subfield code='b'>[Sunzi bing fa] /</subfield><subfield code='c'>Sun-tzu ; translated, with introductions and commentary by Ralph D. Sawyer ; with the collaboration of Mei-Chun Lee Sawyer.</subfield></datafield><datafield ind1='3' ind2='1' tag='246'><subfield code='a'>Sunzi bing fa</subfield></datafield><datafield ind1=' ' ind2=' ' tag='260'><subfield code='a'>Boulder :</subfield><subfield code='b'>Westview Press,</subfield><subfield code='c'>1994.</subfield></datafield><datafield ind1=' ' ind2=' ' tag='300'><subfield code='a'>375 p. :</subfield><subfield code='b'>ill. ;</subfield><subfield code='c'>21 cm.</subfield></datafield><datafield ind1='1' ind2=' ' tag='490'><subfield code='a'>History and warfare</subfield></datafield><datafield ind1=' ' ind2=' ' tag='500'><subfield code='a'>Parallel title in Chinese characters.</subfield></datafield><datafield ind1=' ' ind2=' ' tag='504'><subfield code='a'>Includes bibliographical references and index.</subfield></datafield><datafield ind1=' ' ind2='0' tag='650'><subfield code='a'>Military art and science</subfield><subfield code='v'>Early works to 1800.</subfield></datafield><datafield ind1='1' ind2=' ' tag='700'><subfield code='a'>Sawyer, Ralph D.</subfield><subfield code='7'>xx0121397</subfield></datafield><datafield ind1='1' ind2=' ' tag='700'><subfield code='a'>Sawyer, Mei-chün</subfield><subfield code='7'>jx20100804008</subfield></datafield><datafield ind1=' ' ind2='0' tag='830'><subfield code='a'>History and warfare</subfield></datafield><datafield ind1=' ' ind2=' ' tag='CAT'><subfield code='a'>CZU</subfield><subfield code='b'>00</subfield><subfield code='c'>20071126</subfield><subfield code='l'>CZU01</subfield><subfield code='h'>1450</subfield></datafield><datafield ind1=' ' ind2=' ' tag='CAT'><subfield code='c'>20080313</subfield><subfield code='l'>CZU01</subfield><subfield code='h'>1519</subfield></datafield><datafield ind1=' ' ind2=' ' tag='CAT'><subfield code='c'>20091215</subfield><subfield code='l'>CZU01</subfield><subfield code='h'>1325</subfield></datafield><datafield ind1=' ' ind2=' ' tag='CAT'><subfield code='a'>batch</subfield><subfield code='b'>00</subfield><subfield code='c'>20120323</subfield><subfield code='l'>CZU01</subfield><subfield code='h'>1719</subfield></datafield><datafield ind1=' ' ind2=' ' tag='CAT'><subfield code='a'>KULHAVA</subfield><subfield code='b'>20</subfield><subfield code='c'>20120627</subfield><subfield code='l'>CZU01</subfield><subfield code='h'>0944</subfield></datafield><datafield ind1=' ' ind2=' ' tag='CAT'><subfield code='a'>KULHAVA</subfield><subfield code='b'>20</subfield><subfield code='c'>20120627</subfield><subfield code='l'>CZU01</subfield><subfield code='h'>0944</subfield></datafield><datafield ind1=' ' ind2=' ' tag='SID'><subfield code='a'>Z39</subfield><subfield code='b'>JIB-Z</subfield></datafield><datafield ind1=' ' ind2=' ' tag='910'><subfield code='a'>ABD026</subfield></datafield><datafield ind1='0' ind2=' ' tag='090'><subfield code='b'>1</subfield></datafield></record>