
<record><leader>00000pamZZ2200265ZaZ4500</leader><controlfield tag='001'>000053969</controlfield><controlfield tag='003'>CZ-PrCU</controlfield><controlfield tag='005'>20071123105524.0</controlfield><controlfield tag='008'>950511s1995----maua-----b----001-0-eng--</controlfield><datafield ind1=' ' ind2=' ' tag='020'><subfield code='a'>0201407930</subfield></datafield><datafield ind1=' ' ind2=' ' tag='040'><subfield code='a'>DLC</subfield><subfield code='c'>DLC</subfield><subfield code='d'>DLC</subfield><subfield code='d'>ABD026</subfield></datafield><datafield ind1='1' ind2=' ' tag='100'><subfield code='a'>Holland, John H.</subfield><subfield code='q'>(John Henry),</subfield><subfield code='d'>1929-</subfield></datafield><datafield ind1='1' ind2='0' tag='245'><subfield code='a'>Hidden order :</subfield><subfield code='b'>how adaptation builds complexity /</subfield><subfield code='c'>John H. Holland.</subfield></datafield><datafield ind1=' ' ind2=' ' tag='260'><subfield code='a'>Reading, Mass. :</subfield><subfield code='b'>Addison-Wesley,</subfield><subfield code='c'>c1995.</subfield></datafield><datafield ind1=' ' ind2=' ' tag='300'><subfield code='a'>xxi, 185 p. :</subfield><subfield code='b'>ill. ;</subfield><subfield code='c'>22 cm.</subfield></datafield><datafield ind1='0' ind2=' ' tag='490'><subfield code='a'>Helix books</subfield></datafield><datafield ind1=' ' ind2=' ' tag='504'><subfield code='a'>Includes bibliographical references (p. 173-175) and index.</subfield></datafield><datafield ind1=' ' ind2=' ' tag='653'><subfield code='a'>POČÍTAČE</subfield></datafield><datafield ind1=' ' ind2='0' tag='650'><subfield code='a'>Adaptive control systems</subfield><subfield code='x'>Mathematical models.</subfield></datafield><datafield ind1=' ' ind2='0' tag='650'><subfield code='a'>Adaptation (Biology)</subfield><subfield code='x'>Mathematical models.</subfield></datafield><datafield ind1=' ' ind2=' ' tag='CAT'><subfield code='a'>CZU</subfield><subfield code='b'>00</subfield><subfield code='c'>20071123</subfield><subfield code='l'>CZU01</subfield><subfield code='h'>1055</subfield></datafield><datafield ind1=' ' ind2=' ' tag='CAT'><subfield code='a'>CZU</subfield><subfield code='b'>00</subfield><subfield code='c'>20071123</subfield><subfield code='l'>CZU01</subfield><subfield code='h'>1055</subfield></datafield><datafield ind1=' ' ind2=' ' tag='CAT'><subfield code='c'>20080313</subfield><subfield code='l'>CZU01</subfield><subfield code='h'>1519</subfield></datafield><datafield ind1=' ' ind2=' ' tag='CAT'><subfield code='a'>batch</subfield><subfield code='b'>00</subfield><subfield code='c'>20120323</subfield><subfield code='l'>CZU01</subfield><subfield code='h'>1719</subfield></datafield><datafield ind1=' ' ind2=' ' tag='SID'><subfield code='a'>Z39</subfield><subfield code='b'>JIB-Z</subfield></datafield><datafield ind1=' ' ind2=' ' tag='910'><subfield code='a'>ABD026</subfield></datafield><datafield ind1='0' ind2=' ' tag='090'><subfield code='b'>1</subfield></datafield></record>