
<record><leader>00000camZZ22002894aZ4500</leader><controlfield tag='001'>000053968</controlfield><controlfield tag='003'>CZ-PrCU</controlfield><controlfield tag='005'>20071123104926.0</controlfield><controlfield tag='008'>040621s2005----flua-----b----001-0-eng--</controlfield><datafield ind1=' ' ind2=' ' tag='020'><subfield code='a'>0849325242 (alk. paper)</subfield></datafield><datafield ind1=' ' ind2=' ' tag='040'><subfield code='a'>DLC</subfield><subfield code='c'>DLC</subfield><subfield code='d'>DLC</subfield><subfield code='d'>ABD026</subfield></datafield><datafield ind1='1' ind2=' ' tag='100'><subfield code='a'>Lewis, William E.</subfield></datafield><datafield ind1='1' ind2='0' tag='245'><subfield code='a'>Software testing and continuous quality improvement /</subfield><subfield code='c'>William E. Lewis ; Gunasekaran Veerapillai, technical coordinator.</subfield></datafield><datafield ind1=' ' ind2=' ' tag='250'><subfield code='a'>2nd ed.</subfield></datafield><datafield ind1=' ' ind2=' ' tag='260'><subfield code='a'>Boca Raton :</subfield><subfield code='b'>Auerbach Publications,</subfield><subfield code='c'>c2005.</subfield></datafield><datafield ind1=' ' ind2=' ' tag='300'><subfield code='a'>xxvi, 534 p. :</subfield><subfield code='b'>ill. ;</subfield><subfield code='c'>24 cm. +</subfield><subfield code='e'>1 CD-ROM (4 3/4 in.)</subfield></datafield><datafield ind1=' ' ind2=' ' tag='504'><subfield code='a'>Includes bibliographical references and index.</subfield></datafield><datafield ind1=' ' ind2=' ' tag='653'><subfield code='a'>programování</subfield></datafield><datafield ind1=' ' ind2='0' tag='650'><subfield code='a'>Computer software</subfield><subfield code='x'>Testing.</subfield></datafield><datafield ind1=' ' ind2='0' tag='650'><subfield code='a'>Computer software</subfield><subfield code='x'>Quality control.</subfield></datafield><datafield ind1='1' ind2=' ' tag='700'><subfield code='a'>Veerapillai, Gunasekaran.</subfield></datafield><datafield ind1=' ' ind2=' ' tag='CAT'><subfield code='a'>CZU</subfield><subfield code='b'>00</subfield><subfield code='c'>20071123</subfield><subfield code='l'>CZU01</subfield><subfield code='h'>1049</subfield></datafield><datafield ind1=' ' ind2=' ' tag='CAT'><subfield code='c'>20080313</subfield><subfield code='l'>CZU01</subfield><subfield code='h'>1519</subfield></datafield><datafield ind1=' ' ind2=' ' tag='CAT'><subfield code='a'>batch</subfield><subfield code='b'>00</subfield><subfield code='c'>20120323</subfield><subfield code='l'>CZU01</subfield><subfield code='h'>1719</subfield></datafield><datafield ind1=' ' ind2=' ' tag='SID'><subfield code='a'>Z39</subfield><subfield code='b'>JIB-Z-SN</subfield></datafield><datafield ind1=' ' ind2=' ' tag='910'><subfield code='a'>ABD026</subfield></datafield><datafield ind1='0' ind2=' ' tag='090'><subfield code='b'>1</subfield></datafield></record>