
<record><leader>00000namZa22ZZZZZ7aZ4500</leader><controlfield tag='001'>000053965</controlfield><controlfield tag='003'>CZ-PrCZU</controlfield><controlfield tag='005'>20071123091730.0</controlfield><controlfield tag='008'>071123s2006----xxu|||||-|||||||||||eng-d</controlfield><datafield ind1=' ' ind2=' ' tag='020'><subfield code='a'>0-07-225360-6</subfield></datafield><datafield ind1=' ' ind2=' ' tag='040'><subfield code='b'>cze</subfield></datafield><datafield ind1='1' ind2=' ' tag='041'><subfield code='a'>eng</subfield></datafield><datafield ind1='1' ind2=' ' tag='100'><subfield code='a'>Sierra, Kathy</subfield></datafield><datafield ind1='1' ind2='0' tag='245'><subfield code='a'>SCJPSun Certified programmer for Java 5 :</subfield><subfield code='b'>study guide /</subfield><subfield code='c'>Kathy Sierra, Bert Bates</subfield></datafield><datafield ind1=' ' ind2=' ' tag='250'><subfield code='a'>1st ed.</subfield></datafield><datafield ind1=' ' ind2=' ' tag='260'><subfield code='a'>Emeryville :</subfield><subfield code='b'>McGraw -Hill,</subfield><subfield code='c'>2006</subfield></datafield><datafield ind1=' ' ind2=' ' tag='300'><subfield code='a'>825 s.,</subfield><subfield code='b'>CD</subfield></datafield><datafield ind1=' ' ind2=' ' tag='653'><subfield code='a'>PROGRAMOVÁNÍ</subfield></datafield><datafield ind1='1' ind2=' ' tag='700'><subfield code='a'>Bates, Bert</subfield></datafield><datafield ind1=' ' ind2=' ' tag='CAT'><subfield code='a'>CZU</subfield><subfield code='b'>00</subfield><subfield code='c'>20071123</subfield><subfield code='l'>CZU01</subfield><subfield code='h'>0915</subfield></datafield><datafield ind1=' ' ind2=' ' tag='CAT'><subfield code='a'>CZU</subfield><subfield code='b'>00</subfield><subfield code='c'>20071123</subfield><subfield code='l'>CZU01</subfield><subfield code='h'>0917</subfield></datafield><datafield ind1=' ' ind2=' ' tag='CAT'><subfield code='a'>CZU</subfield><subfield code='b'>00</subfield><subfield code='c'>20071123</subfield><subfield code='l'>CZU01</subfield><subfield code='h'>0917</subfield></datafield><datafield ind1=' ' ind2=' ' tag='CAT'><subfield code='a'>CZU</subfield><subfield code='b'>00</subfield><subfield code='c'>20071123</subfield><subfield code='l'>CZU01</subfield><subfield code='h'>0917</subfield></datafield><datafield ind1=' ' ind2=' ' tag='CAT'><subfield code='c'>20080313</subfield><subfield code='l'>CZU01</subfield><subfield code='h'>1519</subfield></datafield><datafield ind1=' ' ind2=' ' tag='CAT'><subfield code='a'>batch</subfield><subfield code='b'>00</subfield><subfield code='c'>20120323</subfield><subfield code='l'>CZU01</subfield><subfield code='h'>1719</subfield></datafield><datafield ind1=' ' ind2=' ' tag='910'><subfield code='a'>ABD026</subfield></datafield><datafield ind1='0' ind2=' ' tag='090'><subfield code='b'>1</subfield></datafield></record>