
<record><leader>00000namZa22ZZZZZ7aZ4500</leader><controlfield tag='001'>000053963</controlfield><controlfield tag='003'>CZ-PrCU</controlfield><controlfield tag='005'>20110223140104.0</controlfield><controlfield tag='007'>ta</controlfield><controlfield tag='008'>071122s2005----xr-----f-----||||-0-cze--</controlfield><datafield ind1=' ' ind2=' ' tag='020'><subfield code='a'>0-7821-4369-5</subfield></datafield><datafield ind1=' ' ind2=' ' tag='040'><subfield code='a'>ABD026</subfield><subfield code='b'>cze</subfield></datafield><datafield ind1='1' ind2=' ' tag='041'><subfield code='a'>eng</subfield></datafield><datafield ind1=' ' ind2=' ' tag='044'><subfield code='a'>xxu</subfield></datafield><datafield ind1='1' ind2=' ' tag='100'><subfield code='a'>Buterbaugh, Tim</subfield></datafield><datafield ind1='1' ind2='0' tag='245'><subfield code='a'>OracleDatabase 10g Administration I and Administration II exams /</subfield><subfield code='c'>T. Buterbaugh ... (et al.)</subfield></datafield><datafield ind1=' ' ind2=' ' tag='250'><subfield code='a'>1st ed.</subfield></datafield><datafield ind1=' ' ind2=' ' tag='260'><subfield code='a'>New York :</subfield><subfield code='b'>McGraw-Hill,</subfield></datafield><datafield ind1=' ' ind2=' ' tag='CAT'><subfield code='a'>CZU</subfield><subfield code='b'>00</subfield><subfield code='c'>20071122</subfield><subfield code='l'>CZU01</subfield><subfield code='h'>1504</subfield></datafield><datafield ind1=' ' ind2=' ' tag='CAT'><subfield code='c'>20080313</subfield><subfield code='l'>CZU01</subfield><subfield code='h'>1519</subfield></datafield><datafield ind1=' ' ind2=' ' tag='CAT'><subfield code='a'>KULHAVA</subfield><subfield code='b'>20</subfield><subfield code='c'>20110223</subfield><subfield code='l'>CZU01</subfield><subfield code='h'>1359</subfield></datafield><datafield ind1=' ' ind2=' ' tag='CAT'><subfield code='a'>KULHAVA</subfield><subfield code='b'>20</subfield><subfield code='c'>20110223</subfield><subfield code='l'>CZU01</subfield><subfield code='h'>1400</subfield></datafield><datafield ind1=' ' ind2=' ' tag='CAT'><subfield code='a'>KULHAVA</subfield><subfield code='b'>20</subfield><subfield code='c'>20110223</subfield><subfield code='l'>CZU01</subfield><subfield code='h'>1400</subfield></datafield><datafield ind1=' ' ind2=' ' tag='CAT'><subfield code='a'>KULHAVA</subfield><subfield code='b'>20</subfield><subfield code='c'>20110223</subfield><subfield code='l'>CZU01</subfield><subfield code='h'>1401</subfield></datafield><datafield ind1=' ' ind2=' ' tag='910'><subfield code='a'>ABD026</subfield></datafield><datafield ind1='0' ind2=' ' tag='090'><subfield code='b'>2</subfield></datafield></record>