
<record><leader>00000camZZ22003977aZ4500</leader><controlfield tag='001'>000053962</controlfield><controlfield tag='003'>CZ-PrCU</controlfield><controlfield tag='005'>20140521105131.0</controlfield><controlfield tag='008'>050901s2004----nyua----------001-0-eng-d</controlfield><datafield ind1=' ' ind2=' ' tag='020'><subfield code='a'>0072230665 (pbk.)</subfield></datafield><datafield ind1=' ' ind2=' ' tag='040'><subfield code='a'>JRZ</subfield><subfield code='c'>JRZ</subfield><subfield code='d'>OCLCQ</subfield><subfield code='d'>IXA</subfield><subfield code='d'>BAKER</subfield><subfield code='d'>DLC</subfield><subfield code='d'>ABD026</subfield></datafield><datafield ind1='1' ind2=' ' tag='100'><subfield code='a'>Urman, Scott</subfield><subfield code='7'>mzk2008433950</subfield></datafield><datafield ind1='1' ind2='0' tag='245'><subfield code='a'>Oracle Database 10g PL/SQL Programming /</subfield><subfield code='c'>Scott Urman, Ron Hardman, Michael McLaughlin.</subfield></datafield><datafield ind1='3' ind2='0' tag='246'><subfield code='a'>PL/SQL programming</subfield></datafield><datafield ind1=' ' ind2=' ' tag='260'><subfield code='a'>New York :</subfield><subfield code='b'>McGraw-Hill/Osborne,</subfield><subfield code='c'>c2004.</subfield></datafield><datafield ind1=' ' ind2=' ' tag='300'><subfield code='a'>xxvii, 862 p. :</subfield><subfield code='b'>ill. ;</subfield><subfield code='c'>24 cm.</subfield></datafield><datafield ind1=' ' ind2=' ' tag='500'><subfield code='a'>&quot;Oracle Press.&quot;</subfield></datafield><datafield ind1=' ' ind2=' ' tag='500'><subfield code='a'>&quot;Develop database-driven PL/SQL applications&quot;--Cover.</subfield></datafield><datafield ind1=' ' ind2=' ' tag='500'><subfield code='a'>Rev. ed. of: Oracle 9i PL/SQL programming.</subfield></datafield><datafield ind1=' ' ind2=' ' tag='500'><subfield code='a'>Includes index.</subfield></datafield><datafield ind1='0' ind2='0' tag='630'><subfield code='a'>Oracle (Computer file)</subfield></datafield><datafield ind1=' ' ind2='0' tag='650'><subfield code='a'>PL/SQL (Computer program language)</subfield></datafield><datafield ind1='1' ind2=' ' tag='700'><subfield code='a'>Hardman, Ron</subfield><subfield code='7'>mzk2008433951</subfield></datafield><datafield ind1='1' ind2=' ' tag='700'><subfield code='a'>McLaughlin, Michael</subfield><subfield code='7'>mzk2008433952</subfield></datafield><datafield ind1=' ' ind2=' ' tag='CAT'><subfield code='a'>CZU</subfield><subfield code='b'>00</subfield><subfield code='c'>20071122</subfield><subfield code='l'>CZU01</subfield><subfield code='h'>1430</subfield></datafield><datafield ind1=' ' ind2=' ' tag='CAT'><subfield code='c'>20080313</subfield><subfield code='l'>CZU01</subfield><subfield code='h'>1519</subfield></datafield><datafield ind1=' ' ind2=' ' tag='CAT'><subfield code='a'>batch</subfield><subfield code='b'>00</subfield><subfield code='c'>20120323</subfield><subfield code='l'>CZU01</subfield><subfield code='h'>1719</subfield></datafield><datafield ind1=' ' ind2=' ' tag='CAT'><subfield code='a'>KULHAVA</subfield><subfield code='b'>20</subfield><subfield code='c'>20140521</subfield><subfield code='l'>CZU01</subfield><subfield code='h'>1051</subfield></datafield><datafield ind1=' ' ind2=' ' tag='SID'><subfield code='a'>Z39</subfield><subfield code='b'>JIB-Z-SN</subfield></datafield><datafield ind1=' ' ind2=' ' tag='910'><subfield code='a'>ABD026</subfield></datafield><datafield ind1='0' ind2=' ' tag='090'><subfield code='b'>1</subfield></datafield></record>