
<record><leader>00000camZZ22003497aZ4500</leader><controlfield tag='001'>000053502</controlfield><controlfield tag='005'>20080123160149.0</controlfield><controlfield tag='008'>010627s2005----xxua-----b----001-0-eng-d</controlfield><datafield ind1=' ' ind2=' ' tag='020'><subfield code='a'>0-07-710741-1</subfield></datafield><datafield ind1=' ' ind2=' ' tag='040'><subfield code='a'>LPU</subfield><subfield code='b'>eng</subfield><subfield code='c'>LPU</subfield><subfield code='d'>DLC</subfield><subfield code='d'>ABD026</subfield></datafield><datafield ind1=' ' ind2='7' tag='072'><subfield code='a'>004.4/.6</subfield><subfield code='x'>Programové vybavení. Programové prostředky</subfield><subfield code='2'>Konspekt</subfield><subfield code='9'>23</subfield></datafield><datafield ind1=' ' ind2=' ' tag='080'><subfield code='a'>004.42UML</subfield><subfield code='2'>MRF</subfield></datafield><datafield ind1='1' ind2=' ' tag='100'><subfield code='a'>Bennett, Simon,</subfield><subfield code='d'>1956-</subfield><subfield code='4'>aut</subfield></datafield><datafield ind1='1' ind2='0' tag='245'><subfield code='a'>Schaum&apos;s outlines of UML /</subfield><subfield code='c'>Simon Bennett, John Skelton, Ken Lunn.</subfield></datafield><datafield ind1='3' ind2='0' tag='246'><subfield code='a'>UML</subfield></datafield><datafield ind1=' ' ind2=' ' tag='250'><subfield code='a'>2nd ed.</subfield></datafield><datafield ind1=' ' ind2=' ' tag='260'><subfield code='a'>New York :</subfield><subfield code='b'>McGraw-Hill,</subfield><subfield code='c'>c2005.</subfield></datafield><datafield ind1=' ' ind2=' ' tag='300'><subfield code='a'>398 s. :</subfield><subfield code='b'>ill. ;</subfield><subfield code='c'>28 cm.</subfield></datafield><datafield ind1='0' ind2=' ' tag='490'><subfield code='a'>Schaum&apos;s outline series</subfield></datafield><datafield ind1=' ' ind2=' ' tag='504'><subfield code='a'>Obsahuje bibliografii (s. 353-354) a rejstřík.</subfield></datafield><datafield ind1='0' ind2='7' tag='650'><subfield code='a'>UML</subfield><subfield code='7'>ph135581</subfield><subfield code='2'>czenas</subfield></datafield><datafield ind1='0' ind2='9' tag='650'><subfield code='a'>UML</subfield><subfield code='2'>eczenas</subfield></datafield><datafield ind1=' ' ind2='0' tag='650'><subfield code='a'>Application software</subfield><subfield code='x'>Development</subfield><subfield code='v'>Outlines, syllabi, etc.</subfield></datafield><datafield ind1=' ' ind2='0' tag='650'><subfield code='a'>UML (Computer science)</subfield><subfield code='v'>Outlines, syllabi, etc.</subfield></datafield><datafield ind1=' ' ind2='7' tag='655'><subfield code='a'>učební texty</subfield><subfield code='7'>fd133599</subfield><subfield code='2'>czenas</subfield></datafield><datafield ind1='1' ind2=' ' tag='700'><subfield code='a'>Skelton, John,</subfield><subfield code='d'>1966-</subfield><subfield code='4'>aut</subfield></datafield><datafield ind1='1' ind2=' ' tag='700'><subfield code='a'>Lunn, Ken.</subfield><subfield code='4'>aut</subfield></datafield><datafield ind1=' ' ind2=' ' tag='CAT'><subfield code='a'>CZU</subfield><subfield code='b'>00</subfield><subfield code='c'>20071008</subfield><subfield code='l'>CZU01</subfield><subfield code='h'>1038</subfield></datafield><datafield ind1=' ' ind2=' ' tag='CAT'><subfield code='a'>CZU</subfield><subfield code='b'>00</subfield><subfield code='c'>20071008</subfield><subfield code='l'>CZU01</subfield><subfield code='h'>1038</subfield></datafield><datafield ind1=' ' ind2=' ' tag='CAT'><subfield code='a'>CZU</subfield><subfield code='b'>00</subfield><subfield code='c'>20071109</subfield><subfield code='l'>CZU01</subfield><subfield code='h'>0847</subfield></datafield><datafield ind1=' ' ind2=' ' tag='CAT'><subfield code='a'>CZU</subfield><subfield code='b'>00</subfield><subfield code='c'>20071109</subfield><subfield code='l'>CZU01</subfield><subfield code='h'>0848</subfield></datafield><datafield ind1=' ' ind2=' ' tag='CAT'><subfield code='a'>CZU</subfield><subfield code='b'>00</subfield><subfield code='c'>20080123</subfield><subfield code='l'>CZU01</subfield><subfield code='h'>1601</subfield></datafield><datafield ind1=' ' ind2=' ' tag='CAT'><subfield code='c'>20080313</subfield><subfield code='l'>CZU01</subfield><subfield code='h'>1519</subfield></datafield><datafield ind1=' ' ind2=' ' tag='CAT'><subfield code='a'>batch</subfield><subfield code='b'>00</subfield><subfield code='c'>20120323</subfield><subfield code='l'>CZU01</subfield><subfield code='h'>1719</subfield></datafield><datafield ind1=' ' ind2=' ' tag='SID'><subfield code='a'>Z39</subfield><subfield code='b'>JIB-Z</subfield></datafield><datafield ind1=' ' ind2=' ' tag='910'><subfield code='a'>ABD026</subfield></datafield><datafield ind1='0' ind2=' ' tag='090'><subfield code='b'>1</subfield></datafield></record>