
<record><leader>00000namZa22ZZZZZ7aZ4500</leader><controlfield tag='001'>000053404</controlfield><controlfield tag='003'>CZ-PrCZU</controlfield><controlfield tag='005'>20110818092739.0</controlfield><controlfield tag='008'>071001s2007----xr-----f-----||||-0-cze-d</controlfield><datafield ind1=' ' ind2=' ' tag='020'><subfield code='a'>978-80-903962-4-1</subfield></datafield><datafield ind1=' ' ind2=' ' tag='040'><subfield code='a'>ABD026</subfield><subfield code='b'>cze</subfield></datafield><datafield ind1='1' ind2=' ' tag='041'><subfield code='a'>cze</subfield></datafield><datafield ind1=' ' ind2=' ' tag='044'><subfield code='a'>xr</subfield></datafield><datafield ind1=' ' ind2=' ' tag='080'><subfield code='a'>007+004</subfield><subfield code='2'>MRF</subfield></datafield><datafield ind1='0' ind2='0' tag='245'><subfield code='a'>Teoretické základy informatiky /</subfield><subfield code='c'>Jiří Vaníček ... (et al.)</subfield></datafield><datafield ind1=' ' ind2=' ' tag='250'><subfield code='a'>1. vyd.</subfield></datafield><datafield ind1=' ' ind2=' ' tag='260'><subfield code='a'>Praha :</subfield><subfield code='b'>Kernberg Publishing</subfield><subfield code='c'>2007</subfield></datafield><datafield ind1=' ' ind2=' ' tag='300'><subfield code='a'>431 s.</subfield></datafield><datafield ind1='0' ind2='7' tag='650'><subfield code='a'>informatika</subfield><subfield code='7'>ph137095</subfield><subfield code='2'>czenas</subfield></datafield><datafield ind1=' ' ind2='7' tag='655'><subfield code='a'>učebnice</subfield><subfield code='7'>fd133770</subfield><subfield code='2'>czenas</subfield></datafield><datafield ind1='1' ind2=' ' tag='700'><subfield code='a'>Vaníček, Jiří,</subfield><subfield code='d'>1962-</subfield><subfield code='7'>mzk2004237044</subfield><subfield code='4'>aut</subfield></datafield><datafield ind1=' ' ind2=' ' tag='CAT'><subfield code='a'>CZU</subfield><subfield code='b'>00</subfield><subfield code='c'>20071001</subfield><subfield code='l'>CZU01</subfield><subfield code='h'>0931</subfield></datafield><datafield ind1=' ' ind2=' ' tag='CAT'><subfield code='a'>CZU</subfield><subfield code='b'>00</subfield><subfield code='c'>20071001</subfield><subfield code='l'>CZU01</subfield><subfield code='h'>0931</subfield></datafield><datafield ind1=' ' ind2=' ' tag='CAT'><subfield code='a'>CZU</subfield><subfield code='b'>00</subfield><subfield code='c'>20071012</subfield><subfield code='l'>CZU01</subfield><subfield code='h'>0934</subfield></datafield><datafield ind1=' ' ind2=' ' tag='CAT'><subfield code='a'>CZU</subfield><subfield code='b'>00</subfield><subfield code='c'>20071012</subfield><subfield code='l'>CZU01</subfield><subfield code='h'>0935</subfield></datafield><datafield ind1=' ' ind2=' ' tag='CAT'><subfield code='a'>CZU</subfield><subfield code='b'>00</subfield><subfield code='c'>20071012</subfield><subfield code='l'>CZU01</subfield><subfield code='h'>0935</subfield></datafield><datafield ind1=' ' ind2=' ' tag='CAT'><subfield code='a'>CZU</subfield><subfield code='b'>00</subfield><subfield code='c'>20071012</subfield><subfield code='l'>CZU01</subfield><subfield code='h'>0935</subfield></datafield><datafield ind1=' ' ind2=' ' tag='CAT'><subfield code='a'>CZU</subfield><subfield code='b'>00</subfield><subfield code='c'>20071012</subfield><subfield code='l'>CZU01</subfield><subfield code='h'>0938</subfield></datafield><datafield ind1=' ' ind2=' ' tag='CAT'><subfield code='c'>20071012</subfield><subfield code='l'>CZU01</subfield><subfield code='h'>0938</subfield></datafield><datafield ind1=' ' ind2=' ' tag='CAT'><subfield code='c'>20071012</subfield><subfield code='l'>CZU01</subfield><subfield code='h'>0938</subfield></datafield><datafield ind1=' ' ind2=' ' tag='CAT'><subfield code='a'>CZU</subfield><subfield code='b'>00</subfield><subfield code='c'>20071017</subfield><subfield code='l'>CZU01</subfield><subfield code='h'>1008</subfield></datafield><datafield ind1=' ' ind2=' ' tag='CAT'><subfield code='c'>20071017</subfield><subfield code='l'>CZU01</subfield><subfield code='h'>1008</subfield></datafield><datafield ind1=' ' ind2=' ' tag='CAT'><subfield code='c'>20071017</subfield><subfield code='l'>CZU01</subfield><subfield code='h'>1008</subfield></datafield><datafield ind1=' ' ind2=' ' tag='CAT'><subfield code='a'>CZU</subfield><subfield code='b'>00</subfield><subfield code='c'>20080107</subfield><subfield code='l'>CZU01</subfield><subfield code='h'>1401</subfield></datafield><datafield ind1=' ' ind2=' ' tag='CAT'><subfield code='c'>20080313</subfield><subfield code='l'>CZU01</subfield><subfield code='h'>1519</subfield></datafield><datafield ind1=' ' ind2=' ' tag='CAT'><subfield code='a'>KULHAVA</subfield><subfield code='b'>20</subfield><subfield code='c'>20110818</subfield><subfield code='l'>CZU01</subfield><subfield code='h'>0927</subfield></datafield><datafield ind1=' ' ind2=' ' tag='CAT'><subfield code='a'>batch</subfield><subfield code='b'>00</subfield><subfield code='c'>20120323</subfield><subfield code='l'>CZU01</subfield><subfield code='h'>1719</subfield></datafield><datafield ind1=' ' ind2=' ' tag='DPD'><subfield code='a'>doporučená</subfield></datafield><datafield ind1=' ' ind2=' ' tag='910'><subfield code='a'>ABD026</subfield></datafield><datafield ind1='0' ind2=' ' tag='090'><subfield code='b'>10</subfield></datafield></record>