
<record><leader>00000camZZ22002415aZ4500</leader><controlfield tag='001'>000053196</controlfield><controlfield tag='003'>CZ-PrCZU</controlfield><controlfield tag='005'>20110921133448.0</controlfield><controlfield tag='008'>040728s1997----xxu----|-----|------eng--</controlfield><datafield ind1=' ' ind2=' ' tag='020'><subfield code='a'>0-412-80830-7 (váz.)</subfield></datafield><datafield ind1=' ' ind2=' ' tag='040'><subfield code='a'>OSD002</subfield><subfield code='b'>cze</subfield><subfield code='d'>ABD026</subfield></datafield><datafield ind1=' ' ind2=' ' tag='080'><subfield code='a'>510.6</subfield></datafield><datafield ind1='1' ind2=' ' tag='100'><subfield code='a'>Mendelson, Elliott,</subfield><subfield code='d'>1931-</subfield><subfield code='4'>aut</subfield></datafield><datafield ind1='1' ind2='0' tag='245'><subfield code='a'>Introduction to mathematical logic /</subfield><subfield code='c'>Elliott Mendelson</subfield></datafield><datafield ind1=' ' ind2=' ' tag='250'><subfield code='a'>4th ed.</subfield></datafield><datafield ind1=' ' ind2=' ' tag='260'><subfield code='a'>Boca Raton :</subfield><subfield code='b'>Chapman &amp; Hall,</subfield><subfield code='c'>1997</subfield></datafield><datafield ind1=' ' ind2=' ' tag='300'><subfield code='a'>x, 440 s. :</subfield><subfield code='b'>il.</subfield></datafield><datafield ind1=' ' ind2=' ' tag='500'><subfield code='a'>Bibliografie na s. [412]-423</subfield></datafield><datafield ind1=' ' ind2='7' tag='650'><subfield code='a'>matematická logika</subfield><subfield code='7'>ph122671</subfield><subfield code='2'>czenas</subfield></datafield><datafield ind1=' ' ind2=' ' tag='CAT'><subfield code='a'>CZU</subfield><subfield code='b'>00</subfield><subfield code='c'>20070907</subfield><subfield code='l'>CZU01</subfield><subfield code='h'>0836</subfield></datafield><datafield ind1=' ' ind2=' ' tag='CAT'><subfield code='a'>CZU</subfield><subfield code='b'>00</subfield><subfield code='c'>20070907</subfield><subfield code='l'>CZU01</subfield><subfield code='h'>0836</subfield></datafield><datafield ind1=' ' ind2=' ' tag='CAT'><subfield code='a'>CZU</subfield><subfield code='b'>00</subfield><subfield code='c'>20070907</subfield><subfield code='l'>CZU01</subfield><subfield code='h'>0837</subfield></datafield><datafield ind1=' ' ind2=' ' tag='CAT'><subfield code='a'>CZU</subfield><subfield code='b'>00</subfield><subfield code='c'>20070907</subfield><subfield code='l'>CZU01</subfield><subfield code='h'>0841</subfield></datafield><datafield ind1=' ' ind2=' ' tag='CAT'><subfield code='a'>CZU</subfield><subfield code='b'>00</subfield><subfield code='c'>20070907</subfield><subfield code='l'>CZU01</subfield><subfield code='h'>0845</subfield></datafield><datafield ind1=' ' ind2=' ' tag='CAT'><subfield code='a'>CZU</subfield><subfield code='b'>00</subfield><subfield code='c'>20070907</subfield><subfield code='l'>CZU01</subfield><subfield code='h'>0854</subfield></datafield><datafield ind1=' ' ind2=' ' tag='CAT'><subfield code='a'>CZU</subfield><subfield code='b'>00</subfield><subfield code='c'>20070907</subfield><subfield code='l'>CZU01</subfield><subfield code='h'>0854</subfield></datafield><datafield ind1=' ' ind2=' ' tag='CAT'><subfield code='c'>20080313</subfield><subfield code='l'>CZU01</subfield><subfield code='h'>1519</subfield></datafield><datafield ind1=' ' ind2=' ' tag='CAT'><subfield code='a'>KULHAVA</subfield><subfield code='b'>20</subfield><subfield code='c'>20110921</subfield><subfield code='l'>CZU01</subfield><subfield code='h'>1334</subfield></datafield><datafield ind1=' ' ind2=' ' tag='CAT'><subfield code='a'>batch</subfield><subfield code='b'>00</subfield><subfield code='c'>20120323</subfield><subfield code='l'>CZU01</subfield><subfield code='h'>1719</subfield></datafield><datafield ind1=' ' ind2=' ' tag='SID'><subfield code='a'>Z39</subfield><subfield code='b'>JIB-Z-SN</subfield></datafield><datafield ind1=' ' ind2=' ' tag='910'><subfield code='a'>ABD026</subfield></datafield><datafield ind1=' ' ind2=' ' tag='SID'><subfield code='a'>Z39</subfield><subfield code='b'>SKC-Z-SN</subfield></datafield><datafield ind1='0' ind2=' ' tag='090'><subfield code='b'>1</subfield></datafield></record>