
<record><leader>00000namZa22ZZZZZ7aZ4500</leader><controlfield tag='001'>czu000053190------------------</controlfield><controlfield tag='003'>CZ-PrCZU</controlfield><controlfield tag='005'>20130124141914.0</controlfield><controlfield tag='008'>070906s2006----xxu|||||-|||||||||||eng-d</controlfield><datafield ind1=' ' ind2=' ' tag='020'><subfield code='a'>0-471-24195-4</subfield></datafield><datafield ind1=' ' ind2=' ' tag='020'><subfield code='a'>9780471241959</subfield></datafield><datafield ind1=' ' ind2=' ' tag='040'><subfield code='a'>ABD026</subfield><subfield code='b'>cze</subfield></datafield><datafield ind1='1' ind2=' ' tag='041'><subfield code='a'>eng</subfield></datafield><datafield ind1=' ' ind2=' ' tag='044'><subfield code='a'>xxu</subfield></datafield><datafield ind1=' ' ind2='7' tag='072'><subfield code='a'>519</subfield><subfield code='x'>Kombinatorika. Teorie grafů. Matematická statistika. Operační výzkum. Matematické modelování</subfield><subfield code='2'>Konspekt</subfield><subfield code='9'>13</subfield></datafield><datafield ind1=' ' ind2=' ' tag='080'><subfield code='a'>519.72</subfield><subfield code='2'>MRF</subfield></datafield><datafield ind1=' ' ind2=' ' tag='080'><subfield code='a'>536.75</subfield><subfield code='2'>MRF</subfield></datafield><datafield ind1='1' ind2=' ' tag='100'><subfield code='a'>Cover, T. M.,</subfield><subfield code='d'>1938-</subfield><subfield code='7'>kup20010000017359</subfield><subfield code='4'>aut</subfield></datafield><datafield ind1='1' ind2='0' tag='245'><subfield code='a'>Elements of information theory /</subfield><subfield code='c'>Thomas M. Cover, Joy A. Thomas</subfield></datafield><datafield ind1=' ' ind2=' ' tag='250'><subfield code='a'>2nd ed.</subfield></datafield><datafield ind1=' ' ind2=' ' tag='260'><subfield code='a'>New Yersey :</subfield><subfield code='b'>John Wiley &amp; Sons,</subfield><subfield code='c'>2006</subfield></datafield><datafield ind1=' ' ind2=' ' tag='300'><subfield code='a'>xxiii, 748 s.</subfield></datafield><datafield ind1=' ' ind2=' ' tag='500'><subfield code='a'>&quot;A Wiley-Interscience publication.&quot;</subfield></datafield><datafield ind1=' ' ind2=' ' tag='504'><subfield code='a'>Obsahuje bibliografie (s. 689-721) a rejstřík</subfield></datafield><datafield ind1='0' ind2='7' tag='650'><subfield code='a'>teorie informace</subfield><subfield code='7'>ph126560</subfield><subfield code='2'>czenas</subfield></datafield><datafield ind1='0' ind2='9' tag='650'><subfield code='a'>information theory</subfield><subfield code='2'>eczenas</subfield></datafield><datafield ind1='0' ind2='7' tag='650'><subfield code='a'>entropie</subfield><subfield code='7'>ph119950</subfield><subfield code='2'>czenas</subfield></datafield><datafield ind1='0' ind2='9' tag='650'><subfield code='a'>entropy</subfield><subfield code='2'>eczenas</subfield></datafield><datafield ind1=' ' ind2='7' tag='655'><subfield code='a'>monografie</subfield><subfield code='7'>fd132842</subfield><subfield code='2'>czenas</subfield></datafield><datafield ind1='1' ind2=' ' tag='700'><subfield code='a'>Thomas, Joy A.</subfield><subfield code='7'>stk2008477146</subfield><subfield code='4'>aut</subfield></datafield><datafield ind1=' ' ind2=' ' tag='CAT'><subfield code='a'>CZU</subfield><subfield code='b'>00</subfield><subfield code='c'>20070906</subfield><subfield code='l'>CZU01</subfield><subfield code='h'>1015</subfield></datafield><datafield ind1=' ' ind2=' ' tag='CAT'><subfield code='a'>CZU</subfield><subfield code='b'>00</subfield><subfield code='c'>20070906</subfield><subfield code='l'>CZU01</subfield><subfield code='h'>1015</subfield></datafield><datafield ind1=' ' ind2=' ' tag='CAT'><subfield code='a'>CZU</subfield><subfield code='b'>00</subfield><subfield code='c'>20070906</subfield><subfield code='l'>CZU01</subfield><subfield code='h'>1016</subfield></datafield><datafield ind1=' ' ind2=' ' tag='CAT'><subfield code='a'>CZU</subfield><subfield code='b'>00</subfield><subfield code='c'>20071126</subfield><subfield code='l'>CZU01</subfield><subfield code='h'>0957</subfield></datafield><datafield ind1=' ' ind2=' ' tag='CAT'><subfield code='c'>20080313</subfield><subfield code='l'>CZU01</subfield><subfield code='h'>1519</subfield></datafield><datafield ind1=' ' ind2=' ' tag='CAT'><subfield code='a'>CZUADMIN</subfield><subfield code='b'>20</subfield><subfield code='c'>20090327</subfield><subfield code='l'>CZU01</subfield><subfield code='h'>1011</subfield></datafield><datafield ind1=' ' ind2=' ' tag='CAT'><subfield code='a'>batch</subfield><subfield code='b'>00</subfield><subfield code='c'>20120323</subfield><subfield code='l'>CZU01</subfield><subfield code='h'>1719</subfield></datafield><datafield ind1=' ' ind2=' ' tag='CAT'><subfield code='a'>CZUADMIN</subfield><subfield code='b'>20</subfield><subfield code='c'>20130116</subfield><subfield code='l'>CZU01</subfield><subfield code='h'>2015</subfield></datafield><datafield ind1=' ' ind2=' ' tag='CAT'><subfield code='a'>KULHAVA</subfield><subfield code='b'>20</subfield><subfield code='c'>20130124</subfield><subfield code='l'>CZU01</subfield><subfield code='h'>1419</subfield></datafield><datafield ind1=' ' ind2=' ' tag='910'><subfield code='a'>ABD026</subfield></datafield><datafield ind1='0' ind2=' ' tag='090'><subfield code='b'>1</subfield></datafield></record>