
<record><leader>00000namZa2200397ZaZ4500</leader><controlfield tag='001'>czu000051824</controlfield><controlfield tag='003'>CZ-PrCZU</controlfield><controlfield tag='005'>20140128143805.0</controlfield><controlfield tag='007'>ta</controlfield><controlfield tag='008'>070913s2004----xr-a---f------001-0-cze--</controlfield><datafield ind1=' ' ind2=' ' tag='020'><subfield code='a'>80-86419-67-3 (brož.)</subfield></datafield><datafield ind1=' ' ind2=' ' tag='040'><subfield code='a'>ABA001</subfield><subfield code='b'>cze</subfield></datafield><datafield ind1=' ' ind2='7' tag='072'><subfield code='a'>658</subfield><subfield code='x'>Řízení a správa podniku</subfield><subfield code='2'>Konspekt</subfield><subfield code='9'>4</subfield></datafield><datafield ind1=' ' ind2=' ' tag='080'><subfield code='a'>658</subfield><subfield code='2'>MRF</subfield></datafield><datafield ind1=' ' ind2=' ' tag='080'><subfield code='a'>005.94</subfield><subfield code='2'>MRF</subfield></datafield><datafield ind1=' ' ind2=' ' tag='080'><subfield code='a'>(048.8)</subfield><subfield code='2'>MRF</subfield></datafield><datafield ind1='1' ind2=' ' tag='100'><subfield code='a'>Truneček, Jan,</subfield><subfield code='d'>1933-</subfield><subfield code='7'>jk01140259</subfield><subfield code='4'>aut</subfield></datafield><datafield ind1='1' ind2='0' tag='245'><subfield code='a'>Znalostní podnik ve znalostní společnosti /</subfield><subfield code='c'>Jan Truneček</subfield></datafield><datafield ind1=' ' ind2=' ' tag='250'><subfield code='a'>2. vyd.</subfield></datafield><datafield ind1=' ' ind2=' ' tag='260'><subfield code='a'>[Praha] :</subfield><subfield code='b'>Professional Publishing,</subfield><subfield code='c'>c2004</subfield></datafield><datafield ind1=' ' ind2=' ' tag='300'><subfield code='a'>312 s. :</subfield><subfield code='b'>il. ;</subfield><subfield code='c'>24 cm</subfield></datafield><datafield ind1=' ' ind2=' ' tag='504'><subfield code='a'>Obsahuje bibliografii a rejstřík</subfield></datafield><datafield ind1='0' ind2='7' tag='650'><subfield code='a'>podnikový management</subfield><subfield code='7'>ph115763</subfield><subfield code='2'>czenas</subfield></datafield><datafield ind1='0' ind2='7' tag='650'><subfield code='a'>znalostní management</subfield><subfield code='7'>ph136832</subfield><subfield code='2'>czenas</subfield></datafield><datafield ind1='0' ind2='9' tag='650'><subfield code='a'>industrial management</subfield><subfield code='2'>eczenas</subfield></datafield><datafield ind1='0' ind2='9' tag='650'><subfield code='a'>knowledge management</subfield><subfield code='2'>eczenas</subfield></datafield><datafield ind1=' ' ind2='7' tag='655'><subfield code='a'>studie</subfield><subfield code='7'>fd133597</subfield><subfield code='2'>czenas</subfield></datafield><datafield ind1=' ' ind2='9' tag='655'><subfield code='a'>studies</subfield><subfield code='2'>eczenas</subfield></datafield><datafield ind1=' ' ind2=' ' tag='KPW'><subfield code='a'>37301</subfield></datafield><datafield ind1=' ' ind2=' ' tag='CAT'><subfield code='c'>20070705</subfield><subfield code='l'>CZU01</subfield><subfield code='h'>0923</subfield></datafield><datafield ind1=' ' ind2=' ' tag='CAT'><subfield code='a'>CZU</subfield><subfield code='b'>00</subfield><subfield code='c'>20070730</subfield><subfield code='l'>CZU01</subfield><subfield code='h'>1038</subfield></datafield><datafield ind1=' ' ind2=' ' tag='CAT'><subfield code='a'>CZU</subfield><subfield code='b'>00</subfield><subfield code='c'>20070730</subfield><subfield code='l'>CZU01</subfield><subfield code='h'>1039</subfield></datafield><datafield ind1=' ' ind2=' ' tag='CAT'><subfield code='a'>CZU</subfield><subfield code='b'>00</subfield><subfield code='c'>20070730</subfield><subfield code='l'>CZU01</subfield><subfield code='h'>1040</subfield></datafield><datafield ind1=' ' ind2=' ' tag='CAT'><subfield code='a'>CZU</subfield><subfield code='b'>00</subfield><subfield code='c'>20070827</subfield><subfield code='l'>CZU01</subfield><subfield code='h'>1103</subfield></datafield><datafield ind1=' ' ind2=' ' tag='CAT'><subfield code='a'>CZU</subfield><subfield code='b'>00</subfield><subfield code='c'>20070906</subfield><subfield code='l'>CZU01</subfield><subfield code='h'>1447</subfield></datafield><datafield ind1=' ' ind2=' ' tag='CAT'><subfield code='a'>CZU</subfield><subfield code='b'>00</subfield><subfield code='c'>20080115</subfield><subfield code='l'>CZU01</subfield><subfield code='h'>0850</subfield></datafield><datafield ind1=' ' ind2=' ' tag='CAT'><subfield code='c'>20080313</subfield><subfield code='l'>CZU01</subfield><subfield code='h'>1519</subfield></datafield><datafield ind1=' ' ind2=' ' tag='CAT'><subfield code='a'>batch</subfield><subfield code='b'>00</subfield><subfield code='c'>20120323</subfield><subfield code='l'>CZU01</subfield><subfield code='h'>1719</subfield></datafield><datafield ind1=' ' ind2=' ' tag='CAT'><subfield code='a'>KULHAVA</subfield><subfield code='b'>20</subfield><subfield code='c'>20140128</subfield><subfield code='l'>CZU01</subfield><subfield code='h'>1438</subfield></datafield><datafield ind1=' ' ind2=' ' tag='DPP'><subfield code='a'>Řízení změn</subfield><subfield code='b'>Katedra řízení</subfield><subfield code='c'>11140</subfield><subfield code='7'>2849</subfield></datafield><datafield ind1=' ' ind2=' ' tag='DPD'><subfield code='a'>doporučená</subfield></datafield><datafield ind1=' ' ind2=' ' tag='SID'><subfield code='a'>Z39</subfield><subfield code='b'>SKC-Z</subfield></datafield><datafield ind1=' ' ind2=' ' tag='910'><subfield code='a'>ABD026</subfield></datafield><datafield ind1='0' ind2=' ' tag='090'><subfield code='b'>1</subfield></datafield></record>