
<record><leader>00000namZa2200301ZaZ4500</leader><controlfield tag='001'>czu000051804</controlfield><controlfield tag='003'>CZ-PrCZU</controlfield><controlfield tag='005'>20070906145346.0</controlfield><controlfield tag='007'>ta</controlfield><controlfield tag='008'>050728s2006----xr-a---e------001-0-cze--</controlfield><datafield ind1=' ' ind2=' ' tag='020'><subfield code='a'>80-247-1501-5 (váz.)</subfield></datafield><datafield ind1=' ' ind2=' ' tag='040'><subfield code='a'>ABD026</subfield><subfield code='b'>cze</subfield></datafield><datafield ind1=' ' ind2=' ' tag='040'><subfield code='a'>OLA001</subfield><subfield code='b'>cze</subfield><subfield code='d'>ABA001</subfield></datafield><datafield ind1=' ' ind2='7' tag='072'><subfield code='a'>005</subfield><subfield code='x'>Management. Řízení</subfield><subfield code='2'>Konspekt</subfield><subfield code='9'>4</subfield></datafield><datafield ind1=' ' ind2=' ' tag='080'><subfield code='a'>005.8</subfield><subfield code='2'>MRF</subfield></datafield><datafield ind1=' ' ind2=' ' tag='080'><subfield code='a'>(048.8)</subfield><subfield code='2'>MRF</subfield></datafield><datafield ind1='1' ind2=' ' tag='100'><subfield code='a'>Svozilová, Alena,</subfield><subfield code='d'>1963-</subfield><subfield code='7'>mzk2006348498</subfield><subfield code='4'>aut</subfield></datafield><datafield ind1='1' ind2='0' tag='245'><subfield code='a'>Projektový management /</subfield><subfield code='c'>Alena Svozilová</subfield></datafield><datafield ind1=' ' ind2=' ' tag='250'><subfield code='a'>1. vyd.</subfield></datafield><datafield ind1=' ' ind2=' ' tag='260'><subfield code='a'>Praha :</subfield><subfield code='b'>Grada,</subfield><subfield code='c'>2006</subfield></datafield><datafield ind1=' ' ind2=' ' tag='300'><subfield code='a'>353 s. :</subfield><subfield code='b'>il. ;</subfield><subfield code='c'>25 cm</subfield></datafield><datafield ind1='1' ind2=' ' tag='490'><subfield code='a'>Expert</subfield></datafield><datafield ind1=' ' ind2=' ' tag='541'><subfield code='a'>dop.lit.,na ZK není</subfield></datafield><datafield ind1=' ' ind2=' ' tag='500'><subfield code='a'>Anglicko-český terminologický slovníček</subfield></datafield><datafield ind1=' ' ind2=' ' tag='504'><subfield code='a'>Obsahuje bibliografické odkazy a rejstřík</subfield></datafield><datafield ind1='0' ind2='7' tag='650'><subfield code='a'>projektový management</subfield><subfield code='7'>ph115894</subfield><subfield code='2'>czenas</subfield></datafield><datafield ind1=' ' ind2='7' tag='655'><subfield code='a'>monografie</subfield><subfield code='7'>fd132842</subfield><subfield code='2'>czenas</subfield></datafield><datafield ind1=' ' ind2='0' tag='830'><subfield code='a'>Expert (Grada)</subfield><subfield code='0'>s</subfield></datafield><datafield ind1=' ' ind2=' ' tag='996'><subfield code='a'>HC</subfield><subfield code='b'>0</subfield></datafield><datafield ind1=' ' ind2=' ' tag='KPW'><subfield code='a'>37281</subfield></datafield><datafield ind1=' ' ind2=' ' tag='CAT'><subfield code='c'>20070705</subfield><subfield code='l'>CZU01</subfield><subfield code='h'>0923</subfield></datafield><datafield ind1=' ' ind2=' ' tag='CAT'><subfield code='a'>CZU</subfield><subfield code='b'>00</subfield><subfield code='c'>20070808</subfield><subfield code='l'>CZU01</subfield><subfield code='h'>0903</subfield></datafield><datafield ind1=' ' ind2=' ' tag='CAT'><subfield code='a'>CZU</subfield><subfield code='b'>00</subfield><subfield code='c'>20070808</subfield><subfield code='l'>CZU01</subfield><subfield code='h'>0904</subfield></datafield><datafield ind1=' ' ind2=' ' tag='CAT'><subfield code='a'>CZU</subfield><subfield code='b'>00</subfield><subfield code='c'>20070827</subfield><subfield code='l'>CZU01</subfield><subfield code='h'>1353</subfield></datafield><datafield ind1=' ' ind2=' ' tag='CAT'><subfield code='a'>CZU</subfield><subfield code='b'>00</subfield><subfield code='c'>20070906</subfield><subfield code='l'>CZU01</subfield><subfield code='h'>1453</subfield></datafield><datafield ind1=' ' ind2=' ' tag='CAT'><subfield code='c'>20080313</subfield><subfield code='l'>CZU01</subfield><subfield code='h'>1519</subfield></datafield><datafield ind1=' ' ind2=' ' tag='CAT'><subfield code='a'>batch</subfield><subfield code='b'>00</subfield><subfield code='c'>20120323</subfield><subfield code='l'>CZU01</subfield><subfield code='h'>1719</subfield></datafield><datafield ind1=' ' ind2=' ' tag='DPP'><subfield code='a'>Provoz a hospod. podniku - PAE, INFO, PAA</subfield><subfield code='b'>Katedra řízení</subfield><subfield code='c'>11140</subfield><subfield code='7'>2840</subfield></datafield><datafield ind1=' ' ind2=' ' tag='DPD'><subfield code='a'>doporučená</subfield></datafield><datafield ind1='1' ind2=' ' tag='928'><subfield code='a'>Grada Publishing</subfield></datafield><datafield ind1=' ' ind2=' ' tag='SID'><subfield code='a'>Z39</subfield><subfield code='b'>JIB-Z-SN</subfield></datafield><datafield ind1=' ' ind2=' ' tag='910'><subfield code='a'>ABD026</subfield></datafield><datafield ind1='0' ind2=' ' tag='090'><subfield code='b'>1</subfield></datafield></record>