
<record><leader>00000namZa22ZZZZZZaZ4500</leader><controlfield tag='001'>czu000051636</controlfield><controlfield tag='003'>CZ-PrCZU</controlfield><controlfield tag='005'>20140131095549.0</controlfield><controlfield tag='008'>070406s2002----xxuab--f-----|0|1-0-eng-d</controlfield><datafield ind1=' ' ind2=' ' tag='020'><subfield code='a'>1-55860-588-6</subfield><subfield code='z'>978-1-55860-588-6</subfield></datafield><datafield ind1=' ' ind2=' ' tag='040'><subfield code='a'>DLC</subfield><subfield code='c'>DLC</subfield><subfield code='d'>DLC</subfield><subfield code='d'>ABA013</subfield><subfield code='d'>ABD026</subfield></datafield><datafield ind1=' ' ind2='7' tag='072'><subfield code='a'>004.4/.6</subfield><subfield code='x'>Programování. Software</subfield><subfield code='2'>Konspekt</subfield><subfield code='9'>23</subfield></datafield><datafield ind1=' ' ind2=' ' tag='080'><subfield code='a'>004.651</subfield></datafield><datafield ind1=' ' ind2=' ' tag='080'><subfield code='a'>004.658</subfield></datafield><datafield ind1=' ' ind2=' ' tag='080'><subfield code='a'>004.22:91</subfield></datafield><datafield ind1=' ' ind2=' ' tag='080'><subfield code='a'>004.623:91</subfield></datafield><datafield ind1='1' ind2=' ' tag='100'><subfield code='a'>Rigaux, Philippe,</subfield><subfield code='d'>1963-</subfield><subfield code='7'>stk2007393594</subfield><subfield code='4'>aut</subfield></datafield><datafield ind1='1' ind2='0' tag='245'><subfield code='a'>Spatial databases :</subfield><subfield code='b'>with application to GIS /</subfield><subfield code='c'>Philippe Rigaux, Michel Scholl, Agnes Voisard</subfield></datafield><datafield ind1=' ' ind2=' ' tag='250'><subfield code='a'>2nd ed.</subfield></datafield><datafield ind1=' ' ind2=' ' tag='260'><subfield code='a'>San Francisco :</subfield><subfield code='b'>Morgan Kaufmann,</subfield><subfield code='c'>c2002</subfield></datafield><datafield ind1=' ' ind2=' ' tag='300'><subfield code='a'>xxix, 410 s. :</subfield><subfield code='b'>il., mapy</subfield></datafield><datafield ind1='1' ind2=' ' tag='490'><subfield code='a'>The Morgan Kaufmann series in data management systems</subfield></datafield><datafield ind1=' ' ind2=' ' tag='504'><subfield code='a'>Obsahuje bibliografii a rejstřík</subfield></datafield><datafield ind1='0' ind2='4' tag='650'><subfield code='a'>informační systémy</subfield><subfield code='x'>in</subfield><subfield code='2'>psh</subfield></datafield><datafield ind1='0' ind2='4' tag='650'><subfield code='a'>databázové systémy relační</subfield><subfield code='x'>vt</subfield><subfield code='2'>psh</subfield></datafield><datafield ind1='0' ind2='4' tag='650'><subfield code='a'>systémy řízení báze dat</subfield><subfield code='x'>vt</subfield><subfield code='2'>psh</subfield></datafield><datafield ind1='0' ind2='4' tag='650'><subfield code='a'>zpracování dat</subfield><subfield code='x'>vt</subfield><subfield code='2'>psh</subfield></datafield><datafield ind1='0' ind2='4' tag='650'><subfield code='a'>geografie</subfield><subfield code='x'>gr</subfield><subfield code='2'>psh</subfield></datafield><datafield ind1=' ' ind2='7' tag='655'><subfield code='a'>monografie</subfield><subfield code='7'>fd132842</subfield><subfield code='2'>czenas</subfield></datafield><datafield ind1='1' ind2=' ' tag='700'><subfield code='a'>Scholl, Michel,</subfield><subfield code='d'>1943-</subfield><subfield code='7'>stk2007393595</subfield><subfield code='4'>aut</subfield></datafield><datafield ind1='1' ind2=' ' tag='700'><subfield code='a'>Voisard, Agnès</subfield><subfield code='7'>stk2007393596</subfield><subfield code='4'>aut</subfield></datafield><datafield ind1=' ' ind2='4' tag='830'><subfield code='a'>The Morgan Kaufmann series in data management systems</subfield></datafield><datafield ind1=' ' ind2=' ' tag='KPW'><subfield code='a'>37076</subfield></datafield><datafield ind1=' ' ind2=' ' tag='CAT'><subfield code='c'>20070705</subfield><subfield code='l'>CZU01</subfield><subfield code='h'>0922</subfield></datafield><datafield ind1=' ' ind2=' ' tag='CAT'><subfield code='c'>20080313</subfield><subfield code='l'>CZU01</subfield><subfield code='h'>1519</subfield></datafield><datafield ind1=' ' ind2=' ' tag='CAT'><subfield code='a'>BATCH</subfield><subfield code='b'>00</subfield><subfield code='c'>20091216</subfield><subfield code='l'>CZU01</subfield><subfield code='h'>1513</subfield></datafield><datafield ind1=' ' ind2=' ' tag='CAT'><subfield code='a'>batch</subfield><subfield code='b'>00</subfield><subfield code='c'>20120323</subfield><subfield code='l'>CZU01</subfield><subfield code='h'>1719</subfield></datafield><datafield ind1=' ' ind2=' ' tag='CAT'><subfield code='a'>KULHAVA</subfield><subfield code='b'>20</subfield><subfield code='c'>20140131</subfield><subfield code='l'>CZU01</subfield><subfield code='h'>0955</subfield></datafield><datafield ind1=' ' ind2=' ' tag='910'><subfield code='a'>ABD026</subfield></datafield><datafield ind1=' ' ind2=' ' tag='SID'><subfield code='a'>Z39</subfield><subfield code='b'>JIB-Z</subfield></datafield><datafield ind1='0' ind2=' ' tag='090'><subfield code='b'>1</subfield></datafield></record>