
<record><leader>00000namZa22ZZZZZZaZ4500</leader><controlfield tag='001'>czu000051635</controlfield><controlfield tag='003'>CZ-PrCZU</controlfield><controlfield tag='005'>20120627103948.0</controlfield><controlfield tag='007'>ta</controlfield><controlfield tag='008'>020108s2001----gw-----X-----X------engo-</controlfield><datafield ind1=' ' ind2=' ' tag='020'><subfield code='a'>3-540-41016-3 (váz.)</subfield></datafield><datafield ind1=' ' ind2=' ' tag='040'><subfield code='a'>ABD009</subfield><subfield code='b'>cze</subfield><subfield code='d'>ABD063</subfield><subfield code='d'>ABD026</subfield></datafield><datafield ind1=' ' ind2=' ' tag='080'><subfield code='a'>004.9:91</subfield><subfield code='2'>MRF</subfield></datafield><datafield ind1='1' ind2=' ' tag='100'><subfield code='a'>Ott, Thomas,</subfield><subfield code='d'>1966-</subfield><subfield code='7'>xx0005220</subfield><subfield code='4'>aut</subfield></datafield><datafield ind1='1' ind2='0' tag='245'><subfield code='a'>Time-integrative geographic information systems :</subfield><subfield code='b'>management and analysis of spatio-temporal data /</subfield><subfield code='c'>Thomas Ott, Frank Swiaczny</subfield></datafield><datafield ind1=' ' ind2=' ' tag='260'><subfield code='a'>Berlin :</subfield><subfield code='b'>Springer,</subfield><subfield code='c'>2001</subfield></datafield><datafield ind1=' ' ind2=' ' tag='300'><subfield code='a'>XIII, 234 s. :</subfield><subfield code='b'>il. +</subfield><subfield code='e'>CD</subfield></datafield><datafield ind1='0' ind2='7' tag='650'><subfield code='a'>geografické informační systémy</subfield><subfield code='7'>ph114617</subfield><subfield code='2'>czenas</subfield></datafield><datafield ind1='0' ind2='7' tag='650'><subfield code='a'>analýza dat</subfield><subfield code='7'>ph301326</subfield><subfield code='2'>czenas</subfield></datafield><datafield ind1='1' ind2=' ' tag='700'><subfield code='a'>Swiaczny, Frank</subfield><subfield code='4'>aut</subfield></datafield><datafield ind1=' ' ind2=' ' tag='KPW'><subfield code='a'>37075</subfield></datafield><datafield ind1=' ' ind2=' ' tag='CAT'><subfield code='c'>20070705</subfield><subfield code='l'>CZU01</subfield><subfield code='h'>0922</subfield></datafield><datafield ind1=' ' ind2=' ' tag='CAT'><subfield code='c'>20080313</subfield><subfield code='l'>CZU01</subfield><subfield code='h'>1519</subfield></datafield><datafield ind1=' ' ind2=' ' tag='CAT'><subfield code='a'>BATCH</subfield><subfield code='b'>00</subfield><subfield code='c'>20091216</subfield><subfield code='l'>CZU01</subfield><subfield code='h'>1513</subfield></datafield><datafield ind1=' ' ind2=' ' tag='CAT'><subfield code='a'>KULHAVA</subfield><subfield code='b'>20</subfield><subfield code='c'>20100107</subfield><subfield code='l'>CZU01</subfield><subfield code='h'>1046</subfield></datafield><datafield ind1=' ' ind2=' ' tag='CAT'><subfield code='a'>batch</subfield><subfield code='b'>00</subfield><subfield code='c'>20120323</subfield><subfield code='l'>CZU01</subfield><subfield code='h'>1719</subfield></datafield><datafield ind1=' ' ind2=' ' tag='CAT'><subfield code='a'>KULHAVA</subfield><subfield code='b'>20</subfield><subfield code='c'>20120627</subfield><subfield code='l'>CZU01</subfield><subfield code='h'>1039</subfield></datafield><datafield ind1=' ' ind2=' ' tag='910'><subfield code='a'>ABD026</subfield></datafield><datafield ind1=' ' ind2=' ' tag='SID'><subfield code='a'>Z39</subfield><subfield code='b'>SKC-Z-SN</subfield></datafield><datafield ind1='0' ind2=' ' tag='090'><subfield code='b'>1</subfield></datafield></record>