
<record><leader>00000namZa22ZZZZZZaZ4500</leader><controlfield tag='001'>czu000051625</controlfield><controlfield tag='003'>CZ-PrCZU</controlfield><controlfield tag='005'>20140131095105.0</controlfield><controlfield tag='007'>ta</controlfield><controlfield tag='008'>060616s2006----xr-a---e------000-0-cze--</controlfield><datafield ind1=' ' ind2=' ' tag='015'><subfield code='a'>cnb001660028</subfield></datafield><datafield ind1=' ' ind2=' ' tag='020'><subfield code='a'>80-903085-9-7 (váz.)</subfield><subfield code='z'>978-80-903085-9-6</subfield></datafield><datafield ind1=' ' ind2=' ' tag='035'><subfield code='a'>(OCoLC)39592549</subfield></datafield><datafield ind1=' ' ind2=' ' tag='040'><subfield code='a'>OLA001</subfield><subfield code='b'>cze</subfield><subfield code='d'>ABD026</subfield></datafield><datafield ind1=' ' ind2=' ' tag='043'><subfield code='a'>e-xr---</subfield><subfield code='b'>e-xr-cc</subfield><subfield code='2'>czenas</subfield></datafield><datafield ind1=' ' ind2='7' tag='072'><subfield code='a'>72</subfield><subfield code='x'>Architektura</subfield><subfield code='2'>Konspekt</subfield><subfield code='9'>21</subfield></datafield><datafield ind1=' ' ind2=' ' tag='080'><subfield code='a'>72.031.4</subfield><subfield code='2'>MRF</subfield></datafield><datafield ind1=' ' ind2=' ' tag='080'><subfield code='a'>728.61</subfield><subfield code='2'>MRF</subfield></datafield><datafield ind1=' ' ind2=' ' tag='080'><subfield code='a'>(437.31-13)</subfield><subfield code='2'>MRF</subfield></datafield><datafield ind1=' ' ind2=' ' tag='080'><subfield code='a'>(048.8)</subfield><subfield code='2'>MRF</subfield></datafield><datafield ind1='1' ind2=' ' tag='100'><subfield code='a'>Spirhanzl-Duriš, Jaroslav,</subfield><subfield code='d'>1889-1960</subfield><subfield code='7'>jk01120689</subfield><subfield code='4'>aut</subfield><subfield code='4'>ill</subfield></datafield><datafield ind1='1' ind2='0' tag='245'><subfield code='a'>Staré jihočeské chalupy /</subfield><subfield code='c'>Jaroslav Spirhanzl Duriš</subfield></datafield><datafield ind1=' ' ind2=' ' tag='250'><subfield code='a'>3. vyd., V EarthSave CZ 1. vyd.</subfield></datafield><datafield ind1=' ' ind2=' ' tag='260'><subfield code='a'>V Praze :</subfield><subfield code='b'>Earth Save,</subfield><subfield code='c'>2006</subfield></datafield><datafield ind1=' ' ind2=' ' tag='300'><subfield code='a'>131 s. :</subfield><subfield code='b'>il. ;</subfield><subfield code='c'>22 cm</subfield></datafield><datafield ind1='0' ind2='7' tag='650'><subfield code='a'>lidová architektura</subfield><subfield code='7'>ph122300</subfield><subfield code='z'>Česko</subfield><subfield code='2'>czenas</subfield></datafield><datafield ind1='0' ind2='7' tag='650'><subfield code='a'>chalupy</subfield><subfield code='7'>ph119123</subfield><subfield code='z'>Česko</subfield><subfield code='2'>czenas</subfield></datafield><datafield ind1='0' ind2='9' tag='650'><subfield code='a'>vernacular architecture</subfield><subfield code='z'>Czechia</subfield><subfield code='2'>eczenas</subfield></datafield><datafield ind1='0' ind2='9' tag='650'><subfield code='a'>cottages</subfield><subfield code='z'>Czechia</subfield><subfield code='2'>eczenas</subfield></datafield><datafield ind1=' ' ind2='7' tag='651'><subfield code='a'>Čechy jižní (Česko)</subfield><subfield code='7'>ge131648</subfield><subfield code='2'>czenas</subfield></datafield><datafield ind1=' ' ind2='9' tag='651'><subfield code='a'>Bohemia, South (Czechia)</subfield><subfield code='2'>eczenas</subfield></datafield><datafield ind1=' ' ind2='7' tag='655'><subfield code='a'>studie</subfield><subfield code='7'>fd133597</subfield><subfield code='2'>czenas</subfield></datafield><datafield ind1=' ' ind2='9' tag='655'><subfield code='a'>studies</subfield><subfield code='2'>eczenas</subfield></datafield><datafield ind1=' ' ind2=' ' tag='KPW'><subfield code='a'>37065</subfield></datafield><datafield ind1=' ' ind2=' ' tag='CAT'><subfield code='c'>20070705</subfield><subfield code='l'>CZU01</subfield><subfield code='h'>0922</subfield></datafield><datafield ind1=' ' ind2=' ' tag='CAT'><subfield code='c'>20080313</subfield><subfield code='l'>CZU01</subfield><subfield code='h'>1519</subfield></datafield><datafield ind1=' ' ind2=' ' tag='CAT'><subfield code='a'>BATCH</subfield><subfield code='b'>00</subfield><subfield code='c'>20091216</subfield><subfield code='l'>CZU01</subfield><subfield code='h'>1513</subfield></datafield><datafield ind1=' ' ind2=' ' tag='CAT'><subfield code='a'>batch</subfield><subfield code='b'>00</subfield><subfield code='c'>20120323</subfield><subfield code='l'>CZU01</subfield><subfield code='h'>1719</subfield></datafield><datafield ind1=' ' ind2=' ' tag='CAT'><subfield code='a'>KULHAVA</subfield><subfield code='b'>20</subfield><subfield code='c'>20140131</subfield><subfield code='l'>CZU01</subfield><subfield code='h'>0951</subfield></datafield><datafield ind1=' ' ind2=' ' tag='910'><subfield code='a'>ABD026</subfield></datafield><datafield ind1=' ' ind2=' ' tag='SID'><subfield code='a'>Z39</subfield><subfield code='b'>JIB-Z-SN</subfield></datafield><datafield ind1='0' ind2=' ' tag='090'><subfield code='b'>1</subfield></datafield></record>