
<record><leader>00000namZa22ZZZZZZaZ4500</leader><controlfield tag='001'>czu000051501</controlfield><controlfield tag='003'>CZ-PrCZU</controlfield><controlfield tag='005'>20120627095444.0</controlfield><controlfield tag='008'>021126s1997----xxu||||||||||||||-||eng--</controlfield><datafield ind1=' ' ind2=' ' tag='020'><subfield code='a'>0-07-042807-7</subfield></datafield><datafield ind1=' ' ind2=' ' tag='040'><subfield code='a'>ABD100</subfield><subfield code='b'>cze</subfield><subfield code='d'>ABD026</subfield></datafield><datafield ind1=' ' ind2=' ' tag='080'><subfield code='a'>004.85</subfield></datafield><datafield ind1=' ' ind2=' ' tag='080'><subfield code='a'>004.021</subfield></datafield><datafield ind1=' ' ind2=' ' tag='080'><subfield code='a'>004.421</subfield></datafield><datafield ind1='1' ind2=' ' tag='100'><subfield code='a'>Mitchell, Tom M.</subfield><subfield code='q'>(Tom Michael),</subfield><subfield code='d'>1951-</subfield><subfield code='7'>kup20030000066094</subfield><subfield code='4'>aut</subfield></datafield><datafield ind1='1' ind2='0' tag='245'><subfield code='a'>Machine learning /</subfield><subfield code='c'>Tom M. Mitchell</subfield></datafield><datafield ind1=' ' ind2=' ' tag='250'><subfield code='a'>1st ed.</subfield></datafield><datafield ind1=' ' ind2=' ' tag='260'><subfield code='a'>Boston :</subfield><subfield code='b'>McGraw-Hill,</subfield><subfield code='c'>c1997</subfield></datafield><datafield ind1=' ' ind2=' ' tag='300'><subfield code='a'>xvii, 414 s. :</subfield><subfield code='b'>il.</subfield></datafield><datafield ind1='0' ind2=' ' tag='490'><subfield code='a'>McGraw-Hill series in computer science</subfield></datafield><datafield ind1=' ' ind2=' ' tag='504'><subfield code='a'>Obsahuje bibliografii a rejstřík</subfield></datafield><datafield ind1='1' ind2='4' tag='650'><subfield code='a'>počítačové aspekty numerických algoritmů</subfield><subfield code='2'>psh</subfield></datafield><datafield ind1='1' ind2='4' tag='650'><subfield code='a'>algoritmizace</subfield><subfield code='2'>psh</subfield></datafield><datafield ind1='1' ind2='4' tag='650'><subfield code='a'>učící se systémy</subfield><subfield code='2'>psh</subfield></datafield><datafield ind1=' ' ind2='7' tag='655'><subfield code='a'>monografie</subfield><subfield code='7'>fd132842</subfield><subfield code='2'>czenas</subfield></datafield><datafield ind1=' ' ind2=' ' tag='KPW'><subfield code='a'>36933</subfield></datafield><datafield ind1=' ' ind2=' ' tag='CAT'><subfield code='c'>20070705</subfield><subfield code='l'>CZU01</subfield><subfield code='h'>0922</subfield></datafield><datafield ind1=' ' ind2=' ' tag='CAT'><subfield code='c'>20080313</subfield><subfield code='l'>CZU01</subfield><subfield code='h'>1519</subfield></datafield><datafield ind1=' ' ind2=' ' tag='CAT'><subfield code='a'>BATCH</subfield><subfield code='b'>00</subfield><subfield code='c'>20091216</subfield><subfield code='l'>CZU01</subfield><subfield code='h'>1513</subfield></datafield><datafield ind1=' ' ind2=' ' tag='CAT'><subfield code='a'>batch</subfield><subfield code='b'>00</subfield><subfield code='c'>20120323</subfield><subfield code='l'>CZU01</subfield><subfield code='h'>1719</subfield></datafield><datafield ind1=' ' ind2=' ' tag='CAT'><subfield code='a'>KULHAVA</subfield><subfield code='b'>20</subfield><subfield code='c'>20120627</subfield><subfield code='l'>CZU01</subfield><subfield code='h'>0954</subfield></datafield><datafield ind1=' ' ind2=' ' tag='910'><subfield code='a'>ABD026</subfield></datafield><datafield ind1=' ' ind2=' ' tag='SID'><subfield code='a'>Z39</subfield><subfield code='b'>JIB-Z-SN</subfield></datafield><datafield ind1='0' ind2=' ' tag='090'><subfield code='b'>1</subfield></datafield></record>