
<record><leader>00000namZa22ZZZZZZaZ4500</leader><controlfield tag='001'>czu000051400</controlfield><controlfield tag='003'>CZ-PrCZU</controlfield><controlfield tag='005'>20110912090231.0</controlfield><controlfield tag='007'>tu</controlfield><controlfield tag='008'>020118s2001----xr-ac--e-f----001-0dcze--</controlfield><datafield ind1=' ' ind2=' ' tag='015'><subfield code='a'>cnb001035254</subfield></datafield><datafield ind1=' ' ind2=' ' tag='020'><subfield code='a'>80-242-0667-6 (Euromedia Group - Knižní klub : váz.)</subfield></datafield><datafield ind1=' ' ind2=' ' tag='035'><subfield code='a'>(OCoLC)50340941</subfield></datafield><datafield ind1=' ' ind2=' ' tag='040'><subfield code='a'>ABA001</subfield><subfield code='b'>cze</subfield><subfield code='d'>ABD026</subfield></datafield><datafield ind1='1' ind2=' ' tag='041'><subfield code='a'>cze</subfield><subfield code='h'>eng</subfield></datafield><datafield ind1=' ' ind2='7' tag='072'><subfield code='a'>75</subfield><subfield code='x'>Malířství</subfield><subfield code='2'>Konspekt</subfield><subfield code='9'>21</subfield></datafield><datafield ind1=' ' ind2=' ' tag='080'><subfield code='a'>75.051</subfield><subfield code='2'>MRF</subfield></datafield><datafield ind1=' ' ind2=' ' tag='080'><subfield code='a'>(084.11)</subfield><subfield code='2'>MRF</subfield></datafield><datafield ind1=' ' ind2=' ' tag='080'><subfield code='a'>(0.062)</subfield><subfield code='2'>MRF</subfield></datafield><datafield ind1='1' ind2=' ' tag='100'><subfield code='a'>Beckett, Wendy,</subfield><subfield code='d'>1930-</subfield><subfield code='7'>ola2002107759</subfield><subfield code='4'>aut</subfield></datafield><datafield ind1='1' ind2='0' tag='245'><subfield code='a'>1000 nejkrásnějších obrazů historie /</subfield><subfield code='c'>Wendy Beckettová ; odborná konzultantka Patricia Wrightová ; [z anglického originálu ... přeložili Jan Slíva, Eva Klimentová a Milan Jára]</subfield></datafield><datafield ind1='3' ind2=' ' tag='246'><subfield code='a'>Tisíc nejkrásnějších obrazů historie</subfield></datafield><datafield ind1=' ' ind2=' ' tag='250'><subfield code='a'>Vyd. 1.</subfield></datafield><datafield ind1=' ' ind2=' ' tag='260'><subfield code='a'>V Praze :</subfield><subfield code='b'>Knižní klub,</subfield><subfield code='c'>2001</subfield></datafield><datafield ind1=' ' ind2=' ' tag='300'><subfield code='a'>512 s. :</subfield><subfield code='b'>barev. il., portréty ;</subfield><subfield code='c'>32 cm</subfield></datafield><datafield ind1=' ' ind2=' ' tag='500'><subfield code='a'>Na doplňkové tit. s. též: Balios</subfield></datafield><datafield ind1=' ' ind2=' ' tag='504'><subfield code='a'>Obsahuje rejstřík</subfield></datafield><datafield ind1='0' ind2='7' tag='650'><subfield code='a'>obrazy</subfield><subfield code='7'>ph123609</subfield><subfield code='2'>czenas</subfield></datafield><datafield ind1='0' ind2='9' tag='650'><subfield code='a'>paintings</subfield><subfield code='2'>eczenas</subfield></datafield><datafield ind1=' ' ind2='7' tag='655'><subfield code='a'>obrazové publikace</subfield><subfield code='7'>fd132947</subfield><subfield code='2'>czenas</subfield></datafield><datafield ind1=' ' ind2='7' tag='655'><subfield code='a'>populárně-naučné publikace</subfield><subfield code='7'>fd131864</subfield><subfield code='2'>czenas</subfield></datafield><datafield ind1=' ' ind2='9' tag='655'><subfield code='a'>pictorial works</subfield><subfield code='2'>eczenas</subfield></datafield><datafield ind1=' ' ind2='9' tag='655'><subfield code='a'>popular works</subfield><subfield code='2'>eczenas</subfield></datafield><datafield ind1='0' ind2=' ' tag='765'><subfield code='t'>Sister Wenddy&apos;s 1000 masterpieces</subfield><subfield code='9'>Česky</subfield></datafield><datafield ind1=' ' ind2=' ' tag='KPW'><subfield code='a'>36825</subfield></datafield><datafield ind1=' ' ind2=' ' tag='CAT'><subfield code='c'>20070705</subfield><subfield code='l'>CZU01</subfield><subfield code='h'>0922</subfield></datafield><datafield ind1=' ' ind2=' ' tag='CAT'><subfield code='c'>20080313</subfield><subfield code='l'>CZU01</subfield><subfield code='h'>1519</subfield></datafield><datafield ind1=' ' ind2=' ' tag='CAT'><subfield code='a'>BATCH</subfield><subfield code='b'>00</subfield><subfield code='c'>20091216</subfield><subfield code='l'>CZU01</subfield><subfield code='h'>1513</subfield></datafield><datafield ind1=' ' ind2=' ' tag='CAT'><subfield code='a'>KULHAVA</subfield><subfield code='b'>20</subfield><subfield code='c'>20110912</subfield><subfield code='l'>CZU01</subfield><subfield code='h'>0902</subfield></datafield><datafield ind1=' ' ind2=' ' tag='CAT'><subfield code='a'>batch</subfield><subfield code='b'>00</subfield><subfield code='c'>20120323</subfield><subfield code='l'>CZU01</subfield><subfield code='h'>1719</subfield></datafield><datafield ind1=' ' ind2=' ' tag='910'><subfield code='a'>ABD026</subfield></datafield><datafield ind1=' ' ind2=' ' tag='SID'><subfield code='a'>Z39</subfield><subfield code='b'>NKC-Z-SN</subfield></datafield><datafield ind1='0' ind2=' ' tag='090'><subfield code='b'>1</subfield></datafield></record>