
<record><leader>00000namZa22ZZZZZZaZ4500</leader><controlfield tag='001'>czu000051398</controlfield><controlfield tag='003'>CZ-PrCZU</controlfield><controlfield tag='005'>20091103111437.0</controlfield><controlfield tag='007'>ta</controlfield><controlfield tag='008'>051108s2005----xr-----f-f----001-0-cze--</controlfield><datafield ind1=' ' ind2=' ' tag='020'><subfield code='a'>80-247-0999-6 (brož.)</subfield></datafield><datafield ind1=' ' ind2=' ' tag='035'><subfield code='a'>(OCoLC)85164692</subfield></datafield><datafield ind1=' ' ind2=' ' tag='040'><subfield code='a'>BOA001</subfield><subfield code='b'>cze</subfield><subfield code='d'>ABA001</subfield><subfield code='d'>OLA001</subfield><subfield code='d'>ABD026</subfield></datafield><datafield ind1='1' ind2=' ' tag='041'><subfield code='a'>cze</subfield><subfield code='h'>eng</subfield></datafield><datafield ind1=' ' ind2='7' tag='072'><subfield code='a'>004.4/.6</subfield><subfield code='x'>Programové vybavení. Programové prostředky</subfield><subfield code='2'>Konspekt</subfield><subfield code='9'>23</subfield></datafield><datafield ind1=' ' ind2=' ' tag='080'><subfield code='a'>004.652.4</subfield><subfield code='2'>MRF</subfield></datafield><datafield ind1=' ' ind2=' ' tag='080'><subfield code='a'>004.655.3</subfield><subfield code='2'>MRF</subfield></datafield><datafield ind1=' ' ind2=' ' tag='080'><subfield code='a'>004.42</subfield><subfield code='2'>MRF</subfield></datafield><datafield ind1=' ' ind2=' ' tag='080'><subfield code='a'>(035)</subfield><subfield code='2'>MRF</subfield></datafield><datafield ind1='1' ind2=' ' tag='100'><subfield code='a'>Sheldon, Robert,</subfield><subfield code='d'>1955-</subfield><subfield code='7'>mzk2005313003</subfield><subfield code='4'>aut</subfield></datafield><datafield ind1='1' ind2='0' tag='245'><subfield code='a'>SQL :</subfield><subfield code='b'>začínáme programovat /</subfield><subfield code='c'>Robert Sheldon ; [přeložil Ludvík Roubíček]</subfield></datafield><datafield ind1='3' ind2=' ' tag='246'><subfield code='a'>SQL - začínáme programovat</subfield></datafield><datafield ind1=' ' ind2=' ' tag='250'><subfield code='a'>1. vyd.</subfield></datafield><datafield ind1=' ' ind2=' ' tag='260'><subfield code='a'>Praha :</subfield><subfield code='b'>Grada,</subfield><subfield code='c'>2005</subfield></datafield><datafield ind1=' ' ind2=' ' tag='300'><subfield code='a'>499 s. ;</subfield><subfield code='c'>25 cm</subfield></datafield><datafield ind1='1' ind2=' ' tag='490'><subfield code='a'>Průvodce</subfield></datafield><datafield ind1=' ' ind2=' ' tag='500'><subfield code='a'>Přeloženo z angličtiny</subfield></datafield><datafield ind1=' ' ind2=' ' tag='500'><subfield code='a'>Obsahuje rejstřík</subfield></datafield><datafield ind1='0' ind2='7' tag='650'><subfield code='a'>relační databáze</subfield><subfield code='7'>ph125110</subfield><subfield code='2'>czenas</subfield></datafield><datafield ind1='0' ind2='7' tag='650'><subfield code='a'>SQL</subfield><subfield code='7'>ph118067</subfield><subfield code='2'>czenas</subfield></datafield><datafield ind1='0' ind2='7' tag='650'><subfield code='a'>dotazovací jazyky</subfield><subfield code='7'>ph119587</subfield><subfield code='2'>czenas</subfield></datafield><datafield ind1='0' ind2='7' tag='650'><subfield code='a'>programování</subfield><subfield code='7'>ph115891</subfield><subfield code='2'>czenas</subfield></datafield><datafield ind1='0' ind2='9' tag='650'><subfield code='a'>relational databases</subfield><subfield code='2'>eczenas</subfield></datafield><datafield ind1='0' ind2='9' tag='650'><subfield code='a'>SQL (query language)</subfield><subfield code='2'>eczenas</subfield></datafield><datafield ind1='0' ind2='9' tag='650'><subfield code='a'>programming</subfield><subfield code='2'>eczenas</subfield></datafield><datafield ind1=' ' ind2='7' tag='655'><subfield code='a'>příručky</subfield><subfield code='7'>fd133209</subfield><subfield code='2'>czenas</subfield></datafield><datafield ind1=' ' ind2='9' tag='655'><subfield code='a'>handbooks, manuals, etc.</subfield><subfield code='2'>eczenas</subfield></datafield><datafield ind1='0' ind2=' ' tag='765'><subfield code='t'>SQL : a beginner&apos;s guide</subfield><subfield code='9'>Česky</subfield></datafield><datafield ind1=' ' ind2='0' tag='830'><subfield code='a'>Průvodce (Grada)</subfield><subfield code='0'>s</subfield></datafield><datafield ind1=' ' ind2=' ' tag='KPW'><subfield code='a'>36823</subfield></datafield><datafield ind1=' ' ind2=' ' tag='CAT'><subfield code='c'>20070705</subfield><subfield code='l'>CZU01</subfield><subfield code='h'>0922</subfield></datafield><datafield ind1=' ' ind2=' ' tag='CAT'><subfield code='c'>20080313</subfield><subfield code='l'>CZU01</subfield><subfield code='h'>1519</subfield></datafield><datafield ind1=' ' ind2=' ' tag='CAT'><subfield code='a'>KULHAVA</subfield><subfield code='b'>20</subfield><subfield code='c'>20091103</subfield><subfield code='l'>CZU01</subfield><subfield code='h'>1114</subfield></datafield><datafield ind1=' ' ind2=' ' tag='CAT'><subfield code='a'>batch</subfield><subfield code='b'>00</subfield><subfield code='c'>20120323</subfield><subfield code='l'>CZU01</subfield><subfield code='h'>1719</subfield></datafield><datafield ind1=' ' ind2=' ' tag='910'><subfield code='a'>ABD026</subfield></datafield><datafield ind1=' ' ind2=' ' tag='SID'><subfield code='a'>Z39</subfield><subfield code='b'>NKC-Z-SN</subfield></datafield><datafield ind1='0' ind2=' ' tag='090'><subfield code='b'>1</subfield></datafield></record>