
<record><leader>00000namZa22ZZZZZZaZ4500</leader><controlfield tag='001'>czu000051397</controlfield><controlfield tag='003'>CZ-PrCZU</controlfield><controlfield tag='005'>20091026074634.0</controlfield><controlfield tag='007'>ta</controlfield><controlfield tag='008'>061026s2006----xr-a---e-f----000-0-cze--</controlfield><datafield ind1=' ' ind2=' ' tag='020'><subfield code='a'>80-251-1267-5 (váz.) :</subfield><subfield code='c'>Kč 249,00</subfield></datafield><datafield ind1=' ' ind2=' ' tag='035'><subfield code='a'>(OCoLC)85715368</subfield></datafield><datafield ind1=' ' ind2=' ' tag='040'><subfield code='a'>OLA001</subfield><subfield code='b'>cze</subfield><subfield code='d'>ABA001</subfield><subfield code='d'>ABD026</subfield></datafield><datafield ind1='1' ind2=' ' tag='041'><subfield code='a'>cze</subfield><subfield code='h'>fre</subfield></datafield><datafield ind1=' ' ind2='7' tag='072'><subfield code='a'>686</subfield><subfield code='x'>Knihařství. Sklenářství. Kancelářské potřeby</subfield><subfield code='2'>Konspekt</subfield><subfield code='9'>19</subfield></datafield><datafield ind1=' ' ind2=' ' tag='080'><subfield code='a'>686.1</subfield><subfield code='2'>MRF</subfield></datafield><datafield ind1=' ' ind2=' ' tag='080'><subfield code='a'>686.122</subfield><subfield code='2'>MRF</subfield></datafield><datafield ind1=' ' ind2=' ' tag='080'><subfield code='a'>655.1+686.1]:74/77</subfield><subfield code='2'>MRF</subfield></datafield><datafield ind1=' ' ind2=' ' tag='080'><subfield code='a'>(035)</subfield><subfield code='2'>MRF</subfield></datafield><datafield ind1='1' ind2=' ' tag='100'><subfield code='a'>Marchesi, Gianluca</subfield><subfield code='7'>xx0054450</subfield><subfield code='4'>aut</subfield></datafield><datafield ind1='1' ind2='0' tag='245'><subfield code='a'>Vázání knih /</subfield><subfield code='c'>Gualtiero Marchesi, Marsilio Parolini, Vincenzo Sucato ; [fotografie M. Giberti]</subfield></datafield><datafield ind1=' ' ind2=' ' tag='250'><subfield code='a'>Vyd. 1.</subfield></datafield><datafield ind1=' ' ind2=' ' tag='260'><subfield code='a'>Brno :</subfield><subfield code='b'>Computer Press,</subfield><subfield code='c'>2006</subfield></datafield><datafield ind1=' ' ind2=' ' tag='300'><subfield code='a'>86 s. :</subfield><subfield code='b'>barev. il. ;</subfield><subfield code='c'>24 cm</subfield></datafield><datafield ind1='1' ind2=' ' tag='490'><subfield code='a'>Výtvarné techniky</subfield></datafield><datafield ind1=' ' ind2=' ' tag='500'><subfield code='a'>Přeloženo z francouzštiny</subfield></datafield><datafield ind1='0' ind2='7' tag='650'><subfield code='a'>knihařství</subfield><subfield code='7'>ph114922</subfield><subfield code='2'>czenas</subfield></datafield><datafield ind1='0' ind2='7' tag='650'><subfield code='a'>knižní vazby</subfield><subfield code='7'>ph114939</subfield><subfield code='2'>czenas</subfield></datafield><datafield ind1='0' ind2='7' tag='650'><subfield code='a'>knižní umění</subfield><subfield code='7'>ph114938</subfield><subfield code='2'>czenas</subfield></datafield><datafield ind1='0' ind2='9' tag='650'><subfield code='a'>bookbindery</subfield><subfield code='2'>eczenas</subfield></datafield><datafield ind1='0' ind2='9' tag='650'><subfield code='a'>bookbindings</subfield><subfield code='2'>eczenas</subfield></datafield><datafield ind1='0' ind2='9' tag='650'><subfield code='a'>art of the book</subfield><subfield code='2'>eczenas</subfield></datafield><datafield ind1=' ' ind2='7' tag='655'><subfield code='a'>příručky</subfield><subfield code='7'>fd133209</subfield><subfield code='2'>czenas</subfield></datafield><datafield ind1=' ' ind2='9' tag='655'><subfield code='a'>handbooks, manuals, etc</subfield><subfield code='2'>eczenas</subfield></datafield><datafield ind1='1' ind2=' ' tag='700'><subfield code='a'>Parolini, Marsilio</subfield><subfield code='7'>xx0054449</subfield><subfield code='4'>aut</subfield></datafield><datafield ind1='1' ind2=' ' tag='700'><subfield code='a'>Sucato, Vincenzo</subfield><subfield code='7'>xx0054448</subfield><subfield code='4'>aut</subfield></datafield><datafield ind1='0' ind2=' ' tag='765'><subfield code='t'>Comment relier les livres</subfield><subfield code='9'>Česky</subfield></datafield><datafield ind1=' ' ind2='0' tag='830'><subfield code='a'>Výtvarné techniky (Computer Press)</subfield><subfield code='0'>s</subfield></datafield><datafield ind1=' ' ind2=' ' tag='KPW'><subfield code='a'>36822</subfield></datafield><datafield ind1=' ' ind2=' ' tag='CAT'><subfield code='c'>20070705</subfield><subfield code='l'>CZU01</subfield><subfield code='h'>0922</subfield></datafield><datafield ind1=' ' ind2=' ' tag='CAT'><subfield code='c'>20080313</subfield><subfield code='l'>CZU01</subfield><subfield code='h'>1519</subfield></datafield><datafield ind1=' ' ind2=' ' tag='CAT'><subfield code='a'>KULHAVA</subfield><subfield code='b'>20</subfield><subfield code='c'>20091026</subfield><subfield code='l'>CZU01</subfield><subfield code='h'>0746</subfield></datafield><datafield ind1=' ' ind2=' ' tag='CAT'><subfield code='a'>batch</subfield><subfield code='b'>00</subfield><subfield code='c'>20120323</subfield><subfield code='l'>CZU01</subfield><subfield code='h'>1719</subfield></datafield><datafield ind1=' ' ind2=' ' tag='910'><subfield code='a'>ABD026</subfield></datafield><datafield ind1=' ' ind2=' ' tag='SID'><subfield code='a'>Z39</subfield><subfield code='b'>NKC-Z-SN</subfield></datafield><datafield ind1='0' ind2=' ' tag='090'><subfield code='b'>1</subfield></datafield></record>