
<record><leader>00000namZa22ZZZZZZaZ4500</leader><controlfield tag='001'>czu000051194</controlfield><controlfield tag='003'>CZ-PrCZU</controlfield><controlfield tag='005'>20091119131156.0</controlfield><controlfield tag='007'>ta</controlfield><controlfield tag='008'>061108s2006----xr-a---f-f----001-0-cze--</controlfield><datafield ind1=' ' ind2=' ' tag='020'><subfield code='a'>80-251-1285-3 (brož.) :</subfield><subfield code='c'>Kč 289,00</subfield></datafield><datafield ind1=' ' ind2=' ' tag='035'><subfield code='a'>(OCoLC)85722810</subfield></datafield><datafield ind1=' ' ind2=' ' tag='040'><subfield code='a'>OLA001</subfield><subfield code='b'>cze</subfield><subfield code='d'>BOA001</subfield><subfield code='d'>ABA001</subfield><subfield code='d'>ABD026</subfield></datafield><datafield ind1='1' ind2=' ' tag='041'><subfield code='a'>cze</subfield><subfield code='h'>eng</subfield></datafield><datafield ind1=' ' ind2='7' tag='072'><subfield code='a'>004.4/.6</subfield><subfield code='x'>Programové vybavení. Programové prostředky</subfield><subfield code='2'>Konspekt</subfield><subfield code='9'>23</subfield></datafield><datafield ind1=' ' ind2=' ' tag='080'><subfield code='a'>004.738.12:004.41</subfield><subfield code='2'>MRF</subfield></datafield><datafield ind1=' ' ind2=' ' tag='080'><subfield code='a'>004.738.52:004.77</subfield><subfield code='2'>MRF</subfield></datafield><datafield ind1=' ' ind2=' ' tag='080'><subfield code='a'>004.42AJAX</subfield><subfield code='2'>MRF</subfield></datafield><datafield ind1=' ' ind2=' ' tag='080'><subfield code='a'>(035)</subfield><subfield code='2'>MRF</subfield></datafield><datafield ind1='1' ind2=' ' tag='100'><subfield code='a'>Asleson, Ryan</subfield><subfield code='7'>mzk2006368042</subfield><subfield code='4'>aut</subfield></datafield><datafield ind1='1' ind2='0' tag='245'><subfield code='a'>Ajax :</subfield><subfield code='b'>vytváříme vysoce interaktivní webové aplikace /</subfield><subfield code='c'>Ryan Asleson, Nathaniel T. Schutta ; [překlad Jakub Zemánek]</subfield></datafield><datafield ind1=' ' ind2=' ' tag='250'><subfield code='a'>Vyd. 1.</subfield></datafield><datafield ind1=' ' ind2=' ' tag='260'><subfield code='a'>Brno :</subfield><subfield code='b'>Computer Press,</subfield><subfield code='c'>2006</subfield></datafield><datafield ind1=' ' ind2=' ' tag='300'><subfield code='a'>269 s. :</subfield><subfield code='b'>il. ;</subfield><subfield code='c'>23 cm</subfield></datafield><datafield ind1=' ' ind2=' ' tag='500'><subfield code='a'>Přeloženo z angličtiny</subfield></datafield><datafield ind1=' ' ind2=' ' tag='500'><subfield code='a'>r. 2007 dotisk</subfield></datafield><datafield ind1=' ' ind2=' ' tag='500'><subfield code='a'>Obsahuje rejstřík</subfield></datafield><datafield ind1='0' ind2='7' tag='650'><subfield code='a'>WWW design</subfield><subfield code='7'>ph249420</subfield><subfield code='2'>czenas</subfield></datafield><datafield ind1='0' ind2='7' tag='650'><subfield code='a'>dynamické WWW aplikace</subfield><subfield code='7'>ph249421</subfield><subfield code='2'>czenas</subfield></datafield><datafield ind1='0' ind2='7' tag='650'><subfield code='a'>AJAX technologie</subfield><subfield code='7'>ph378903</subfield><subfield code='2'>czenas</subfield></datafield><datafield ind1='0' ind2='9' tag='650'><subfield code='a'>web design</subfield><subfield code='2'>eczenas</subfield></datafield><datafield ind1='0' ind2='9' tag='650'><subfield code='a'>dynamic web applications</subfield><subfield code='2'>eczenas</subfield></datafield><datafield ind1='0' ind2='9' tag='650'><subfield code='a'>AJAX technology</subfield><subfield code='2'>eczenas</subfield></datafield><datafield ind1=' ' ind2='7' tag='655'><subfield code='a'>příručky</subfield><subfield code='7'>fd133209</subfield><subfield code='2'>czenas</subfield></datafield><datafield ind1=' ' ind2='9' tag='655'><subfield code='a'>handbooks, manuals, etc</subfield><subfield code='2'>eczenas</subfield></datafield><datafield ind1='1' ind2=' ' tag='700'><subfield code='a'>Schutta, Nathaniel T.</subfield><subfield code='7'>mzk2006368043</subfield><subfield code='4'>aut</subfield></datafield><datafield ind1='0' ind2=' ' tag='765'><subfield code='t'>Foundations of Ajax</subfield><subfield code='9'>Česky</subfield></datafield><datafield ind1=' ' ind2=' ' tag='KPW'><subfield code='a'>36611</subfield></datafield><datafield ind1=' ' ind2=' ' tag='CAT'><subfield code='c'>20070705</subfield><subfield code='l'>CZU01</subfield><subfield code='h'>0922</subfield></datafield><datafield ind1=' ' ind2=' ' tag='CAT'><subfield code='c'>20080313</subfield><subfield code='l'>CZU01</subfield><subfield code='h'>1519</subfield></datafield><datafield ind1=' ' ind2=' ' tag='CAT'><subfield code='a'>KULHAVA</subfield><subfield code='b'>20</subfield><subfield code='c'>20091106</subfield><subfield code='l'>CZU01</subfield><subfield code='h'>1500</subfield></datafield><datafield ind1=' ' ind2=' ' tag='CAT'><subfield code='a'>NEMECKOVA</subfield><subfield code='b'>20</subfield><subfield code='c'>20091119</subfield><subfield code='l'>CZU01</subfield><subfield code='h'>1311</subfield></datafield><datafield ind1=' ' ind2=' ' tag='CAT'><subfield code='a'>batch</subfield><subfield code='b'>00</subfield><subfield code='c'>20120323</subfield><subfield code='l'>CZU01</subfield><subfield code='h'>1719</subfield></datafield><datafield ind1=' ' ind2=' ' tag='910'><subfield code='a'>ABD026</subfield></datafield><datafield ind1=' ' ind2=' ' tag='SID'><subfield code='a'>Z39</subfield><subfield code='b'>NKC-Z-SN</subfield></datafield><datafield ind1='0' ind2=' ' tag='090'><subfield code='b'>1</subfield></datafield></record>