
<record><leader>00000namZa22ZZZZZZaZ4500</leader><controlfield tag='001'>czu000051140</controlfield><controlfield tag='003'>CZ-PrCZU</controlfield><controlfield tag='005'>20140130121659.0</controlfield><controlfield tag='008'>051124s2003----xxua---er----|001-0-eng-d</controlfield><datafield ind1=' ' ind2=' ' tag='020'><subfield code='a'>1-930110-93-6</subfield></datafield><datafield ind1=' ' ind2=' ' tag='040'><subfield code='a'>PND008</subfield><subfield code='b'>cze</subfield><subfield code='d'>ABD026</subfield></datafield><datafield ind1=' ' ind2=' ' tag='080'><subfield code='a'>004.4</subfield><subfield code='2'>MRF-sel</subfield></datafield><datafield ind1='1' ind2=' ' tag='100'><subfield code='a'>Laddad, Ramnivas</subfield><subfield code='4'>aut</subfield></datafield><datafield ind1='1' ind2='0' tag='245'><subfield code='a'>AspectJ in action :</subfield><subfield code='b'>practical aspect-oriented programming /</subfield><subfield code='c'>Ramnivas Laddad</subfield></datafield><datafield ind1=' ' ind2=' ' tag='260'><subfield code='a'>Greenwich :</subfield><subfield code='b'>Manning,</subfield><subfield code='c'>c2003</subfield></datafield><datafield ind1=' ' ind2=' ' tag='300'><subfield code='a'>xxx, 481 s. :</subfield><subfield code='b'>il.</subfield></datafield><datafield ind1=' ' ind2=' ' tag='504'><subfield code='a'>Obsahuje bibliografické odkazy a rejstřík</subfield></datafield><datafield ind1='0' ind2='7' tag='650'><subfield code='a'>objektově orientované programování</subfield><subfield code='7'>ph115529</subfield><subfield code='2'>czenas</subfield></datafield><datafield ind1=' ' ind2=' ' tag='KPW'><subfield code='a'>36551</subfield></datafield><datafield ind1=' ' ind2=' ' tag='CAT'><subfield code='c'>20070705</subfield><subfield code='l'>CZU01</subfield><subfield code='h'>0922</subfield></datafield><datafield ind1=' ' ind2=' ' tag='CAT'><subfield code='c'>20080313</subfield><subfield code='l'>CZU01</subfield><subfield code='h'>1519</subfield></datafield><datafield ind1=' ' ind2=' ' tag='CAT'><subfield code='a'>BATCH</subfield><subfield code='b'>00</subfield><subfield code='c'>20091216</subfield><subfield code='l'>CZU01</subfield><subfield code='h'>1513</subfield></datafield><datafield ind1=' ' ind2=' ' tag='CAT'><subfield code='a'>batch</subfield><subfield code='b'>00</subfield><subfield code='c'>20120323</subfield><subfield code='l'>CZU01</subfield><subfield code='h'>1719</subfield></datafield><datafield ind1=' ' ind2=' ' tag='CAT'><subfield code='a'>KULHAVA</subfield><subfield code='b'>20</subfield><subfield code='c'>20140130</subfield><subfield code='l'>CZU01</subfield><subfield code='h'>1216</subfield></datafield><datafield ind1=' ' ind2=' ' tag='910'><subfield code='a'>ABD026</subfield></datafield><datafield ind1=' ' ind2=' ' tag='SID'><subfield code='a'>Z39</subfield><subfield code='b'>JIB-Z-SN</subfield></datafield><datafield ind1='0' ind2=' ' tag='090'><subfield code='b'>1</subfield></datafield></record>