
<record><leader>00000namZa22ZZZZZZaZ4500</leader><controlfield tag='001'>czu000051133</controlfield><controlfield tag='003'>CZ-PrCZU</controlfield><controlfield tag='005'>20140130121154.0</controlfield><controlfield tag='007'>ta</controlfield><controlfield tag='008'>061017s2003----xxud---fr-----000-0-eng-d</controlfield><datafield ind1=' ' ind2=' ' tag='020'><subfield code='a'>0-321-15078-3 (brož.)</subfield></datafield><datafield ind1=' ' ind2=' ' tag='040'><subfield code='a'>ABA006</subfield><subfield code='b'>cze</subfield><subfield code='c'>ABA006</subfield><subfield code='d'>ABA006</subfield><subfield code='d'>ABD026</subfield></datafield><datafield ind1=' ' ind2='7' tag='072'><subfield code='a'>004.4/.6</subfield><subfield code='x'>Programování. Software</subfield><subfield code='2'>Konspekt</subfield><subfield code='9'>23</subfield></datafield><datafield ind1=' ' ind2=' ' tag='080'><subfield code='a'>004.415</subfield><subfield code='2'>MRF</subfield></datafield><datafield ind1=' ' ind2=' ' tag='080'><subfield code='a'>658.5</subfield><subfield code='2'>MRF</subfield></datafield><datafield ind1=' ' ind2=' ' tag='080'><subfield code='a'>658.5-025.21</subfield><subfield code='2'>MRF</subfield></datafield><datafield ind1='1' ind2=' ' tag='100'><subfield code='a'>Poppendieck, Mary</subfield><subfield code='7'>vse2006360680</subfield><subfield code='4'>aut</subfield></datafield><datafield ind1='1' ind2='0' tag='245'><subfield code='a'>Lean software development :</subfield><subfield code='b'>an agile toolkit /</subfield><subfield code='c'>Mary Poppendieck, Tom Poppendieck ; [forewords by Jim Higsmith and Ken Schwaber]</subfield></datafield><datafield ind1=' ' ind2=' ' tag='260'><subfield code='a'>Boston :</subfield><subfield code='b'>Addison-Wesley,</subfield><subfield code='c'>2003</subfield></datafield><datafield ind1=' ' ind2=' ' tag='300'><subfield code='a'>xxviii, 203 s. :</subfield><subfield code='b'>il.</subfield></datafield><datafield ind1='1' ind2=' ' tag='490'><subfield code='a'>The agile software development series</subfield></datafield><datafield ind1=' ' ind2=' ' tag='504'><subfield code='a'>Obsahuje bibliografii a rejstřík</subfield></datafield><datafield ind1='0' ind2='7' tag='650'><subfield code='a'>vývoj softwaru</subfield><subfield code='7'>ph127838</subfield><subfield code='2'>czenas</subfield></datafield><datafield ind1='0' ind2='7' tag='650'><subfield code='a'>výrobní management</subfield><subfield code='7'>ph116702</subfield><subfield code='2'>czenas</subfield></datafield><datafield ind1='0' ind2='7' tag='650'><subfield code='a'>výrobní systémy</subfield><subfield code='7'>ph127454</subfield><subfield code='2'>czenas</subfield></datafield><datafield ind1='0' ind2='9' tag='650'><subfield code='a'>software development</subfield><subfield code='2'>eczenas</subfield></datafield><datafield ind1='0' ind2='9' tag='650'><subfield code='a'>production management</subfield><subfield code='2'>eczenas</subfield></datafield><datafield ind1='0' ind2='9' tag='650'><subfield code='a'>manufacturing systems</subfield><subfield code='2'>eczenas</subfield></datafield><datafield ind1=' ' ind2='7' tag='655'><subfield code='a'>příručky</subfield><subfield code='7'>fd133209</subfield><subfield code='2'>czenas</subfield></datafield><datafield ind1='1' ind2=' ' tag='700'><subfield code='a'>Poppendieck, Thomas David</subfield><subfield code='7'>vse2006360681</subfield><subfield code='4'>aut</subfield></datafield><datafield ind1='1' ind2=' ' tag='700'><subfield code='a'>Schwaber, Ken</subfield><subfield code='7'>vse2006360686</subfield><subfield code='4'>aui</subfield></datafield><datafield ind1=' ' ind2='4' tag='830'><subfield code='a'>The agile software development series</subfield></datafield><datafield ind1=' ' ind2=' ' tag='KPW'><subfield code='a'>36543</subfield></datafield><datafield ind1=' ' ind2=' ' tag='CAT'><subfield code='c'>20070705</subfield><subfield code='l'>CZU01</subfield><subfield code='h'>0922</subfield></datafield><datafield ind1=' ' ind2=' ' tag='CAT'><subfield code='c'>20080313</subfield><subfield code='l'>CZU01</subfield><subfield code='h'>1519</subfield></datafield><datafield ind1=' ' ind2=' ' tag='CAT'><subfield code='a'>BATCH</subfield><subfield code='b'>00</subfield><subfield code='c'>20091216</subfield><subfield code='l'>CZU01</subfield><subfield code='h'>1513</subfield></datafield><datafield ind1=' ' ind2=' ' tag='CAT'><subfield code='a'>batch</subfield><subfield code='b'>00</subfield><subfield code='c'>20120323</subfield><subfield code='l'>CZU01</subfield><subfield code='h'>1719</subfield></datafield><datafield ind1=' ' ind2=' ' tag='CAT'><subfield code='a'>KULHAVA</subfield><subfield code='b'>20</subfield><subfield code='c'>20140130</subfield><subfield code='l'>CZU01</subfield><subfield code='h'>1211</subfield></datafield><datafield ind1=' ' ind2=' ' tag='910'><subfield code='a'>ABD026</subfield></datafield><datafield ind1=' ' ind2=' ' tag='SID'><subfield code='a'>Z39</subfield><subfield code='b'>JIB-Z-SN</subfield></datafield><datafield ind1='0' ind2=' ' tag='090'><subfield code='b'>1</subfield></datafield></record>