
<record><leader>00000namZa22ZZZZZZaZ4500</leader><controlfield tag='001'>czu000051131</controlfield><controlfield tag='003'>CZ-PrCZU</controlfield><controlfield tag='005'>20140130121444.0</controlfield><controlfield tag='008'>020829s2003----enka----------000-0-eng--</controlfield><datafield ind1=' ' ind2=' ' tag='020'><subfield code='a'>0470848499</subfield></datafield><datafield ind1=' ' ind2=' ' tag='040'><subfield code='a'>DLC</subfield><subfield code='c'>DLC</subfield><subfield code='d'>DLC</subfield><subfield code='d'>WaU</subfield><subfield code='d'>ABD026</subfield></datafield><datafield ind1=' ' ind2=' ' tag='042'><subfield code='a'>pcc</subfield></datafield><datafield ind1='0' ind2='0' tag='050'><subfield code='a'>QA76.754</subfield><subfield code='b'>.G37 2003</subfield></datafield><datafield ind1='1' ind2=' ' tag='100'><subfield code='a'>Garland, Jeff.</subfield></datafield><datafield ind1='1' ind2='0' tag='245'><subfield code='a'>Large-scale software architecture :</subfield><subfield code='b'>a practical guide using UML /</subfield><subfield code='c'>Jeff Garland, Richard Anthony.</subfield></datafield><datafield ind1=' ' ind2=' ' tag='260'><subfield code='a'>Chichester ;</subfield><subfield code='a'>New York :</subfield><subfield code='b'>J. Wiley,</subfield><subfield code='c'>c2003.</subfield></datafield><datafield ind1=' ' ind2=' ' tag='300'><subfield code='a'>xvi, 260 p. :</subfield><subfield code='b'>ill. ;</subfield><subfield code='c'>24 cm.</subfield></datafield><datafield ind1=' ' ind2='7' tag='650'><subfield code='a'>programování</subfield><subfield code='7'>ph115891</subfield><subfield code='2'>czenas</subfield></datafield><datafield ind1=' ' ind2='0' tag='650'><subfield code='a'>Software architecture.</subfield></datafield><datafield ind1=' ' ind2='0' tag='650'><subfield code='a'>UML (Computer science)</subfield></datafield><datafield ind1='1' ind2=' ' tag='700'><subfield code='a'>Anthony, Richard.</subfield></datafield><datafield ind1='4' ind2='2' tag='856'><subfield code='3'>Publisher description</subfield><subfield code='u'>http://www.loc.gov/catdir/description/wiley038/2002033118.html</subfield></datafield><datafield ind1='4' ind2='1' tag='856'><subfield code='3'>Table of contents</subfield><subfield code='u'>http://www.loc.gov/catdir/toc/wiley031/2002033118.html</subfield></datafield><datafield ind1=' ' ind2=' ' tag='KPW'><subfield code='a'>36541</subfield></datafield><datafield ind1=' ' ind2=' ' tag='CAT'><subfield code='c'>20070705</subfield><subfield code='l'>CZU01</subfield><subfield code='h'>0922</subfield></datafield><datafield ind1=' ' ind2=' ' tag='CAT'><subfield code='c'>20080313</subfield><subfield code='l'>CZU01</subfield><subfield code='h'>1519</subfield></datafield><datafield ind1=' ' ind2=' ' tag='CAT'><subfield code='a'>BATCH</subfield><subfield code='b'>00</subfield><subfield code='c'>20091216</subfield><subfield code='l'>CZU01</subfield><subfield code='h'>1513</subfield></datafield><datafield ind1=' ' ind2=' ' tag='CAT'><subfield code='a'>KULHAVA</subfield><subfield code='b'>20</subfield><subfield code='c'>20111130</subfield><subfield code='l'>CZU01</subfield><subfield code='h'>1104</subfield></datafield><datafield ind1=' ' ind2=' ' tag='CAT'><subfield code='a'>batch</subfield><subfield code='b'>00</subfield><subfield code='c'>20120323</subfield><subfield code='l'>CZU01</subfield><subfield code='h'>1719</subfield></datafield><datafield ind1=' ' ind2=' ' tag='CAT'><subfield code='a'>KULHAVA</subfield><subfield code='b'>20</subfield><subfield code='c'>20140130</subfield><subfield code='l'>CZU01</subfield><subfield code='h'>1214</subfield></datafield><datafield ind1=' ' ind2=' ' tag='910'><subfield code='a'>ABD026</subfield></datafield><datafield ind1=' ' ind2=' ' tag='SID'><subfield code='a'>Z39</subfield><subfield code='b'>JIB-Z</subfield></datafield><datafield ind1='0' ind2=' ' tag='090'><subfield code='b'>1</subfield></datafield></record>