
<record><leader>00000namZa22ZZZZZZaZ4500</leader><controlfield tag='001'>czu000051128</controlfield><controlfield tag='003'>CZ-PrCZU</controlfield><controlfield tag='005'>20120627104057.0</controlfield><controlfield tag='008'>020117s2001----xxu||||||||||||||-||eng--</controlfield><datafield ind1=' ' ind2=' ' tag='020'><subfield code='a'>0-07-136268-1</subfield></datafield><datafield ind1=' ' ind2=' ' tag='040'><subfield code='a'>ABD100</subfield><subfield code='b'>cze</subfield><subfield code='d'>ABD026</subfield></datafield><datafield ind1=' ' ind2=' ' tag='080'><subfield code='a'>658.3</subfield></datafield><datafield ind1=' ' ind2=' ' tag='080'><subfield code='a'>004.738</subfield></datafield><datafield ind1='1' ind2=' ' tag='100'><subfield code='a'>Rosenberg, Marc J.</subfield><subfield code='4'>aut</subfield></datafield><datafield ind1='1' ind2='0' tag='245'><subfield code='a'>E-learning :</subfield><subfield code='b'>strategies for delivering knowledge in the digital age /</subfield><subfield code='c'>Marc J. Rosenberg</subfield></datafield><datafield ind1=' ' ind2=' ' tag='260'><subfield code='a'>New York :</subfield><subfield code='b'>McGraw-Hill,</subfield><subfield code='c'>c2001</subfield></datafield><datafield ind1=' ' ind2=' ' tag='300'><subfield code='a'>xxiv, 344 s.</subfield></datafield><datafield ind1=' ' ind2=' ' tag='504'><subfield code='a'>Obsahuje rejstřík</subfield></datafield><datafield ind1='1' ind2='4' tag='650'><subfield code='a'>výcvik</subfield><subfield code='2'>psh</subfield></datafield><datafield ind1='1' ind2='4' tag='650'><subfield code='a'>management</subfield><subfield code='2'>psh</subfield></datafield><datafield ind1='1' ind2='4' tag='650'><subfield code='a'>informační sítě</subfield><subfield code='2'>psh</subfield></datafield><datafield ind1=' ' ind2='7' tag='655'><subfield code='a'>monografie</subfield><subfield code='7'>fd132842</subfield><subfield code='2'>czenas</subfield></datafield><datafield ind1=' ' ind2=' ' tag='KPW'><subfield code='a'>36538</subfield></datafield><datafield ind1=' ' ind2=' ' tag='CAT'><subfield code='c'>20070705</subfield><subfield code='l'>CZU01</subfield><subfield code='h'>0922</subfield></datafield><datafield ind1=' ' ind2=' ' tag='CAT'><subfield code='c'>20080313</subfield><subfield code='l'>CZU01</subfield><subfield code='h'>1519</subfield></datafield><datafield ind1=' ' ind2=' ' tag='CAT'><subfield code='a'>BATCH</subfield><subfield code='b'>00</subfield><subfield code='c'>20091216</subfield><subfield code='l'>CZU01</subfield><subfield code='h'>1513</subfield></datafield><datafield ind1=' ' ind2=' ' tag='CAT'><subfield code='a'>batch</subfield><subfield code='b'>00</subfield><subfield code='c'>20120323</subfield><subfield code='l'>CZU01</subfield><subfield code='h'>1719</subfield></datafield><datafield ind1=' ' ind2=' ' tag='CAT'><subfield code='a'>KULHAVA</subfield><subfield code='b'>20</subfield><subfield code='c'>20120627</subfield><subfield code='l'>CZU01</subfield><subfield code='h'>1040</subfield></datafield><datafield ind1=' ' ind2=' ' tag='910'><subfield code='a'>ABD026</subfield></datafield><datafield ind1=' ' ind2=' ' tag='SID'><subfield code='a'>Z39</subfield><subfield code='b'>JIB-Z</subfield></datafield><datafield ind1='0' ind2=' ' tag='090'><subfield code='b'>1</subfield></datafield></record>