
<record><leader>00000namZa22ZZZZZZaZ4500</leader><controlfield tag='001'>czu000051107</controlfield><controlfield tag='003'>CZ-PrCZU</controlfield><controlfield tag='005'>20140521101920.0</controlfield><controlfield tag='008'>050516s2002----xxu----e------------eng--</controlfield><datafield ind1=' ' ind2=' ' tag='020'><subfield code='a'>0-13-067634-9</subfield></datafield><datafield ind1=' ' ind2=' ' tag='040'><subfield code='a'>PND008</subfield><subfield code='b'>cze</subfield><subfield code='d'>ABD026</subfield></datafield><datafield ind1=' ' ind2=' ' tag='080'><subfield code='a'>004.42</subfield><subfield code='2'>MRF-sel</subfield></datafield><datafield ind1='1' ind2=' ' tag='100'><subfield code='a'>Schwaber, Ken</subfield><subfield code='7'>vse2006360686</subfield><subfield code='4'>aut</subfield></datafield><datafield ind1='1' ind2='0' tag='245'><subfield code='a'>Agile Software Development with Scrum /</subfield><subfield code='c'>Ken Schwaber, Mike Beedle</subfield></datafield><datafield ind1=' ' ind2=' ' tag='260'><subfield code='a'>Upper Saddle River :</subfield><subfield code='b'>Prentice Hall,</subfield><subfield code='c'>c2002</subfield></datafield><datafield ind1=' ' ind2=' ' tag='300'><subfield code='a'>xvi, 158 s. :</subfield><subfield code='b'>il.</subfield></datafield><datafield ind1='1' ind2=' ' tag='490'><subfield code='a'>Agile Software Development</subfield></datafield><datafield ind1=' ' ind2=' ' tag='504'><subfield code='a'>Obsahuje bibliografii a rejstřík</subfield></datafield><datafield ind1='0' ind2='7' tag='650'><subfield code='a'>software</subfield><subfield code='7'>ph125823</subfield><subfield code='2'>czenas</subfield></datafield><datafield ind1='1' ind2=' ' tag='700'><subfield code='a'>Beedle, Mike</subfield><subfield code='4'>aut</subfield></datafield><datafield ind1=' ' ind2='0' tag='830'><subfield code='a'>Agile Software Development</subfield></datafield><datafield ind1=' ' ind2=' ' tag='KPW'><subfield code='a'>36513</subfield></datafield><datafield ind1=' ' ind2=' ' tag='CAT'><subfield code='c'>20070705</subfield><subfield code='l'>CZU01</subfield><subfield code='h'>0922</subfield></datafield><datafield ind1=' ' ind2=' ' tag='CAT'><subfield code='c'>20080313</subfield><subfield code='l'>CZU01</subfield><subfield code='h'>1519</subfield></datafield><datafield ind1=' ' ind2=' ' tag='CAT'><subfield code='a'>BATCH</subfield><subfield code='b'>00</subfield><subfield code='c'>20091216</subfield><subfield code='l'>CZU01</subfield><subfield code='h'>1513</subfield></datafield><datafield ind1=' ' ind2=' ' tag='CAT'><subfield code='a'>batch</subfield><subfield code='b'>00</subfield><subfield code='c'>20120323</subfield><subfield code='l'>CZU01</subfield><subfield code='h'>1719</subfield></datafield><datafield ind1=' ' ind2=' ' tag='CAT'><subfield code='a'>KULHAVA</subfield><subfield code='b'>20</subfield><subfield code='c'>20140130</subfield><subfield code='l'>CZU01</subfield><subfield code='h'>1055</subfield></datafield><datafield ind1=' ' ind2=' ' tag='CAT'><subfield code='a'>KULHAVA</subfield><subfield code='b'>20</subfield><subfield code='c'>20140521</subfield><subfield code='l'>CZU01</subfield><subfield code='h'>1019</subfield></datafield><datafield ind1=' ' ind2=' ' tag='910'><subfield code='a'>ABD026</subfield></datafield><datafield ind1=' ' ind2=' ' tag='SID'><subfield code='a'>Z39</subfield><subfield code='b'>SKC-Z</subfield></datafield><datafield ind1='0' ind2=' ' tag='090'><subfield code='b'>1</subfield></datafield></record>