
<record><leader>00000namZa22ZZZZZZaZ4500</leader><controlfield tag='001'>czu000051105</controlfield><controlfield tag='003'>CZ-PrCZU</controlfield><controlfield tag='005'>20120627103633.0</controlfield><controlfield tag='008'>010628s2001----si-a----s-----100-0-eng-d</controlfield><datafield ind1=' ' ind2=' ' tag='020'><subfield code='z'>978-981-02-4517-7</subfield></datafield><datafield ind1=' ' ind2=' ' tag='020'><subfield code='z'>981-02-4517-3</subfield></datafield><datafield ind1=' ' ind2=' ' tag='035'><subfield code='a'>(OCoLC)646768972</subfield></datafield><datafield ind1=' ' ind2=' ' tag='040'><subfield code='a'>CaPaEBR</subfield><subfield code='b'>cze</subfield><subfield code='d'>ABA001</subfield><subfield code='d'>ABD026</subfield></datafield><datafield ind1='0' ind2='2' tag='245'><subfield code='a'>A new paradigm of knowledge engineering by soft computing /</subfield><subfield code='c'>editor, Liya Ding.</subfield></datafield><datafield ind1=' ' ind2=' ' tag='260'><subfield code='a'>Singapore ;</subfield><subfield code='a'>New Jersey :</subfield><subfield code='b'>World Scientific,</subfield><subfield code='c'>c2001</subfield></datafield><datafield ind1=' ' ind2=' ' tag='300'><subfield code='a'>xiv, 374 p. :</subfield><subfield code='b'>ill.</subfield></datafield><datafield ind1='1' ind2=' ' tag='490'><subfield code='a'>Fuzzy Logic Systems Institute (FLSI) soft computing series ;</subfield><subfield code='v'>v. 5</subfield></datafield><datafield ind1=' ' ind2=' ' tag='500'><subfield code='a'>Extended versions of selected papers from the 5th International Conference on Soft Computing, originally published in 1998.</subfield></datafield><datafield ind1=' ' ind2='0' tag='650'><subfield code='a'>Soft computing</subfield><subfield code='v'>Congresses.</subfield></datafield><datafield ind1=' ' ind2='0' tag='650'><subfield code='a'>Fuzzy systems</subfield><subfield code='v'>Congresses.</subfield></datafield><datafield ind1=' ' ind2='0' tag='650'><subfield code='a'>Expert systems (Computer science)</subfield><subfield code='v'>Congresses.</subfield></datafield><datafield ind1='0' ind2='7' tag='650'><subfield code='a'>expertní systémy</subfield><subfield code='7'>ph120114</subfield><subfield code='2'>czenas</subfield></datafield><datafield ind1='0' ind2='7' tag='650'><subfield code='a'>fuzzy systémy</subfield><subfield code='7'>ph120413</subfield><subfield code='2'>czenas</subfield></datafield><datafield ind1='0' ind2='7' tag='650'><subfield code='a'>soft computing</subfield><subfield code='7'>ph201888</subfield><subfield code='2'>czenas</subfield></datafield><datafield ind1='1' ind2=' ' tag='700'><subfield code='a'>Ding, Liya</subfield></datafield><datafield ind1='2' ind2=' ' tag='710'><subfield code='a'>Fuzzy Logic Systems Institute</subfield></datafield><datafield ind1='2' ind2=' ' tag='711'><subfield code='a'>International Conference on Soft Computing</subfield><subfield code='n'>(5th :</subfield><subfield code='d'>1998 :</subfield><subfield code='c'>Iizuka-shi, Japan)</subfield></datafield><datafield ind1=' ' ind2='0' tag='830'><subfield code='a'>FLSI soft computing series ;</subfield><subfield code='v'>v. 5.</subfield></datafield><datafield ind1='4' ind2='2' tag='856'><subfield code='u'>http://www.nkp.cz/pages/page.php3?page=sluz_ebrary_vypujcky.htm</subfield><subfield code='y'>Informace o výpůjčkách e-knih</subfield><subfield code='4'>N</subfield></datafield><datafield ind1='4' ind2='0' tag='856'><subfield code='u'>http://site.ebrary.com/lib/natl/Doc?id=10255943</subfield><subfield code='y'>Plný text - pro registrované uživatele NK ČR</subfield><subfield code='4'>N</subfield></datafield><datafield ind1=' ' ind2=' ' tag='KPW'><subfield code='a'>36511</subfield></datafield><datafield ind1=' ' ind2=' ' tag='CAT'><subfield code='c'>20070705</subfield><subfield code='l'>CZU01</subfield><subfield code='h'>0922</subfield></datafield><datafield ind1=' ' ind2=' ' tag='CAT'><subfield code='c'>20080313</subfield><subfield code='l'>CZU01</subfield><subfield code='h'>1519</subfield></datafield><datafield ind1=' ' ind2=' ' tag='CAT'><subfield code='a'>BATCH</subfield><subfield code='b'>00</subfield><subfield code='c'>20091216</subfield><subfield code='l'>CZU01</subfield><subfield code='h'>1513</subfield></datafield><datafield ind1=' ' ind2=' ' tag='CAT'><subfield code='a'>batch</subfield><subfield code='b'>00</subfield><subfield code='c'>20120323</subfield><subfield code='l'>CZU01</subfield><subfield code='h'>1719</subfield></datafield><datafield ind1=' ' ind2=' ' tag='CAT'><subfield code='a'>KULHAVA</subfield><subfield code='b'>20</subfield><subfield code='c'>20120627</subfield><subfield code='l'>CZU01</subfield><subfield code='h'>1036</subfield></datafield><datafield ind1=' ' ind2=' ' tag='CAT'><subfield code='a'>KULHAVA</subfield><subfield code='b'>20</subfield><subfield code='c'>20120627</subfield><subfield code='l'>CZU01</subfield><subfield code='h'>1036</subfield></datafield><datafield ind1=' ' ind2=' ' tag='910'><subfield code='a'>ABD026</subfield></datafield><datafield ind1=' ' ind2=' ' tag='SID'><subfield code='a'>Z39</subfield><subfield code='b'>JIB-Z-SN</subfield></datafield><datafield ind1='0' ind2=' ' tag='090'><subfield code='b'>1</subfield></datafield></record>