
<record><leader>00000namZa22ZZZZZZaZ4500</leader><controlfield tag='001'>czu000051081</controlfield><controlfield tag='003'>CZ-PrCZU</controlfield><controlfield tag='005'>20120627102949.0</controlfield><controlfield tag='008'>031230s2000----xxu-----------------eng--</controlfield><datafield ind1=' ' ind2=' ' tag='020'><subfield code='a'>0-932633-40-4</subfield></datafield><datafield ind1=' ' ind2=' ' tag='040'><subfield code='a'>ABA013</subfield><subfield code='b'>cze</subfield><subfield code='d'>ABD026</subfield></datafield><datafield ind1=' ' ind2=' ' tag='080'><subfield code='a'>004.41</subfield></datafield><datafield ind1='1' ind2=' ' tag='100'><subfield code='a'>Highsmith, James A.</subfield><subfield code='b'>III,</subfield><subfield code='d'>1945-</subfield><subfield code='4'>aut</subfield></datafield><datafield ind1='1' ind2='0' tag='245'><subfield code='a'>Adaptive software development :</subfield><subfield code='b'>a collaborative approach to managing complex systems /</subfield><subfield code='c'>James A. Highsmith III</subfield></datafield><datafield ind1=' ' ind2=' ' tag='260'><subfield code='a'>New York :</subfield><subfield code='b'>Dorset House,</subfield><subfield code='c'>c2000</subfield></datafield><datafield ind1=' ' ind2=' ' tag='300'><subfield code='a'>358 s.</subfield></datafield><datafield ind1=' ' ind2=' ' tag='300'><subfield code='a'>xxxi, 358 s.</subfield></datafield><datafield ind1=' ' ind2=' ' tag='504'><subfield code='a'>Obsahuje bibliografii a rejstřík</subfield></datafield><datafield ind1='0' ind2='4' tag='650'><subfield code='a'>softwarové inženýrství</subfield><subfield code='x'>ma</subfield><subfield code='2'>psh</subfield></datafield><datafield ind1='1' ind2=' ' tag='700'><subfield code='a'>Orr, Ken</subfield></datafield><datafield ind1=' ' ind2=' ' tag='KPW'><subfield code='a'>36486</subfield></datafield><datafield ind1=' ' ind2=' ' tag='CAT'><subfield code='c'>20070705</subfield><subfield code='l'>CZU01</subfield><subfield code='h'>0922</subfield></datafield><datafield ind1=' ' ind2=' ' tag='CAT'><subfield code='c'>20080313</subfield><subfield code='l'>CZU01</subfield><subfield code='h'>1519</subfield></datafield><datafield ind1=' ' ind2=' ' tag='CAT'><subfield code='a'>BATCH</subfield><subfield code='b'>00</subfield><subfield code='c'>20091216</subfield><subfield code='l'>CZU01</subfield><subfield code='h'>1513</subfield></datafield><datafield ind1=' ' ind2=' ' tag='CAT'><subfield code='a'>batch</subfield><subfield code='b'>00</subfield><subfield code='c'>20120323</subfield><subfield code='l'>CZU01</subfield><subfield code='h'>1719</subfield></datafield><datafield ind1=' ' ind2=' ' tag='CAT'><subfield code='a'>KULHAVA</subfield><subfield code='b'>20</subfield><subfield code='c'>20120627</subfield><subfield code='l'>CZU01</subfield><subfield code='h'>1029</subfield></datafield><datafield ind1=' ' ind2=' ' tag='CAT'><subfield code='a'>KULHAVA</subfield><subfield code='b'>20</subfield><subfield code='c'>20120627</subfield><subfield code='l'>CZU01</subfield><subfield code='h'>1029</subfield></datafield><datafield ind1=' ' ind2=' ' tag='910'><subfield code='a'>ABD026</subfield></datafield><datafield ind1=' ' ind2=' ' tag='SID'><subfield code='a'>Z39</subfield><subfield code='b'>JIB-Z</subfield></datafield><datafield ind1='0' ind2=' ' tag='090'><subfield code='b'>1</subfield></datafield></record>