
<record><leader>00000namZa22ZZZZZZaZ4500</leader><controlfield tag='001'>czu000051080</controlfield><controlfield tag='003'>CZ-PrCZU</controlfield><controlfield tag='005'>20111128144631.0</controlfield><controlfield tag='008'>050303s2005----xxka----------001-0-eng--</controlfield><datafield ind1=' ' ind2=' ' tag='020'><subfield code='a'>1-85233-938-1 (brož.)</subfield></datafield><datafield ind1=' ' ind2=' ' tag='040'><subfield code='a'>UKM</subfield><subfield code='c'>UKM</subfield><subfield code='d'>OHX</subfield><subfield code='d'>BAKER</subfield><subfield code='d'>C#P</subfield><subfield code='d'>DLC</subfield><subfield code='d'>ABD026</subfield></datafield><datafield ind1=' ' ind2=' ' tag='080'><subfield code='a'>005.1/15</subfield></datafield><datafield ind1='1' ind2=' ' tag='100'><subfield code='a'>Bramer, M. A.</subfield><subfield code='q'>(Max A.),</subfield><subfield code='d'>1948-</subfield></datafield><datafield ind1='1' ind2='0' tag='245'><subfield code='a'>Logic programming with Prolog /</subfield><subfield code='c'>Max Bramer</subfield></datafield><datafield ind1=' ' ind2=' ' tag='260'><subfield code='a'>[London ;</subfield><subfield code='a'>New York] :</subfield><subfield code='b'>Springer,</subfield><subfield code='c'>c2005</subfield></datafield><datafield ind1=' ' ind2=' ' tag='300'><subfield code='a'>xiii, 223 s. :</subfield><subfield code='b'>il. ;</subfield><subfield code='c'>24 cm</subfield></datafield><datafield ind1=' ' ind2=' ' tag='500'><subfield code='a'>Obsahuje rejstřík</subfield></datafield><datafield ind1=' ' ind2=' ' tag='KPW'><subfield code='a'>36485</subfield></datafield><datafield ind1=' ' ind2=' ' tag='CAT'><subfield code='c'>20070705</subfield><subfield code='l'>CZU01</subfield><subfield code='h'>0922</subfield></datafield><datafield ind1=' ' ind2=' ' tag='CAT'><subfield code='c'>20080313</subfield><subfield code='l'>CZU01</subfield><subfield code='h'>1519</subfield></datafield><datafield ind1=' ' ind2=' ' tag='CAT'><subfield code='a'>BATCH</subfield><subfield code='b'>00</subfield><subfield code='c'>20091216</subfield><subfield code='l'>CZU01</subfield><subfield code='h'>1513</subfield></datafield><datafield ind1=' ' ind2=' ' tag='CAT'><subfield code='a'>KULHAVA</subfield><subfield code='b'>20</subfield><subfield code='c'>20111128</subfield><subfield code='l'>CZU01</subfield><subfield code='h'>1446</subfield></datafield><datafield ind1=' ' ind2=' ' tag='910'><subfield code='a'>ABD026</subfield></datafield><datafield ind1=' ' ind2=' ' tag='SID'><subfield code='a'>Z39</subfield><subfield code='b'>SKC-Z</subfield></datafield><datafield ind1='0' ind2=' ' tag='090'><subfield code='b'>1</subfield></datafield></record>