
<record><leader>00000namZa22ZZZZZZaZ4500</leader><controlfield tag='001'>czu000051079</controlfield><controlfield tag='003'>CZ-PrCZU</controlfield><controlfield tag='005'>20111128144712.0</controlfield><controlfield tag='008'>050615s2005----xxu|||||-|||||||||||eng-d</controlfield><datafield ind1=' ' ind2=' ' tag='020'><subfield code='a'>3-540-20866-6</subfield></datafield><datafield ind1=' ' ind2=' ' tag='040'><subfield code='a'>BOD018</subfield><subfield code='b'>cze</subfield><subfield code='d'>BOD114</subfield><subfield code='d'>ABD026</subfield></datafield><datafield ind1=' ' ind2=' ' tag='080'><subfield code='a'>004</subfield><subfield code='2'>MRF</subfield></datafield><datafield ind1='1' ind2=' ' tag='100'><subfield code='a'>Caromel, Denis</subfield><subfield code='4'>aut</subfield></datafield><datafield ind1='1' ind2='2' tag='245'><subfield code='a'>A theory of distributed objects :</subfield><subfield code='b'>asynchrony, mobility, groups, components /</subfield><subfield code='c'>Denis Caromel, Ludovic Henri ; preface by Luca Cardelli.</subfield></datafield><datafield ind1=' ' ind2=' ' tag='250'><subfield code='a'>1st ed.</subfield></datafield><datafield ind1=' ' ind2=' ' tag='260'><subfield code='a'>New York, NY :</subfield><subfield code='b'>Springer Berlin Heidelberg,</subfield><subfield code='c'>2005.</subfield></datafield><datafield ind1=' ' ind2=' ' tag='300'><subfield code='a'>xxxii, 346 s.</subfield></datafield><datafield ind1='1' ind2=' ' tag='700'><subfield code='a'>Henrio, Ludovic</subfield><subfield code='4'>aut</subfield></datafield><datafield ind1='1' ind2=' ' tag='700'><subfield code='a'>Cardelli, Luca,</subfield><subfield code='d'>1954-</subfield><subfield code='7'>xx0012452</subfield><subfield code='4'>cmm</subfield></datafield><datafield ind1=' ' ind2=' ' tag='KPW'><subfield code='a'>36484</subfield></datafield><datafield ind1=' ' ind2=' ' tag='CAT'><subfield code='c'>20070705</subfield><subfield code='l'>CZU01</subfield><subfield code='h'>0922</subfield></datafield><datafield ind1=' ' ind2=' ' tag='CAT'><subfield code='c'>20080313</subfield><subfield code='l'>CZU01</subfield><subfield code='h'>1519</subfield></datafield><datafield ind1=' ' ind2=' ' tag='CAT'><subfield code='a'>BATCH</subfield><subfield code='b'>00</subfield><subfield code='c'>20091216</subfield><subfield code='l'>CZU01</subfield><subfield code='h'>1513</subfield></datafield><datafield ind1=' ' ind2=' ' tag='CAT'><subfield code='a'>KULHAVA</subfield><subfield code='b'>20</subfield><subfield code='c'>20111128</subfield><subfield code='l'>CZU01</subfield><subfield code='h'>1447</subfield></datafield><datafield ind1=' ' ind2=' ' tag='910'><subfield code='a'>ABD026</subfield></datafield><datafield ind1=' ' ind2=' ' tag='SID'><subfield code='a'>Z39</subfield><subfield code='b'>SKC-Z</subfield></datafield><datafield ind1='0' ind2=' ' tag='090'><subfield code='b'>1</subfield></datafield></record>