
<record><leader>00000namZa22ZZZZZZaZ4500</leader><controlfield tag='001'>czu000051076</controlfield><controlfield tag='003'>CZ-PrCZU</controlfield><controlfield tag='005'>20110922094943.0</controlfield><controlfield tag='008'>070221s2005----xxu-----------------eng--</controlfield><datafield ind1=' ' ind2=' ' tag='040'><subfield code='a'>ABD026</subfield><subfield code='b'>cze</subfield></datafield><datafield ind1='1' ind2=' ' tag='100'><subfield code='a'>Rajan, Hridesh</subfield></datafield><datafield ind1='1' ind2='0' tag='245'><subfield code='a'>Unifying aspect- and object-oriented program design :</subfield><subfield code='b'>a dissertation /</subfield><subfield code='c'>Hridesh Rajan</subfield></datafield><datafield ind1=' ' ind2=' ' tag='260'><subfield code='a'>Virginia :</subfield><subfield code='b'>UMI,</subfield><subfield code='c'>2005</subfield></datafield><datafield ind1=' ' ind2=' ' tag='300'><subfield code='a'>178 s.</subfield></datafield><datafield ind1=' ' ind2='7' tag='650'><subfield code='a'>programování</subfield><subfield code='7'>ph115891</subfield><subfield code='2'>czenas</subfield></datafield><datafield ind1=' ' ind2=' ' tag='KPW'><subfield code='a'>36481</subfield></datafield><datafield ind1=' ' ind2=' ' tag='CAT'><subfield code='c'>20070705</subfield><subfield code='l'>CZU01</subfield><subfield code='h'>0922</subfield></datafield><datafield ind1=' ' ind2=' ' tag='CAT'><subfield code='c'>20080313</subfield><subfield code='l'>CZU01</subfield><subfield code='h'>1519</subfield></datafield><datafield ind1=' ' ind2=' ' tag='CAT'><subfield code='a'>BATCH</subfield><subfield code='b'>00</subfield><subfield code='c'>20091216</subfield><subfield code='l'>CZU01</subfield><subfield code='h'>1513</subfield></datafield><datafield ind1=' ' ind2=' ' tag='CAT'><subfield code='a'>KULHAVA</subfield><subfield code='b'>20</subfield><subfield code='c'>20110922</subfield><subfield code='l'>CZU01</subfield><subfield code='h'>0949</subfield></datafield><datafield ind1=' ' ind2=' ' tag='CAT'><subfield code='a'>batch</subfield><subfield code='b'>00</subfield><subfield code='c'>20120323</subfield><subfield code='l'>CZU01</subfield><subfield code='h'>1719</subfield></datafield><datafield ind1=' ' ind2=' ' tag='910'><subfield code='a'>ABD026</subfield></datafield><datafield ind1='0' ind2=' ' tag='090'><subfield code='b'>1</subfield></datafield></record>