
<record><leader>00000namZa22ZZZZZZaZ4500</leader><controlfield tag='001'>czu000051074</controlfield><controlfield tag='003'>CZ-PrCZU</controlfield><controlfield tag='005'>20110922090111.0</controlfield><controlfield tag='008'>070221s2005----xxu-----------------eng--</controlfield><datafield ind1=' ' ind2=' ' tag='020'><subfield code='a'>0321246748 (pbk.)</subfield></datafield><datafield ind1=' ' ind2=' ' tag='035'><subfield code='a'>(OCoLC)ocm59138881</subfield></datafield><datafield ind1=' ' ind2=' ' tag='040'><subfield code='a'>UKM</subfield><subfield code='c'>UKM</subfield><subfield code='d'>TXA</subfield><subfield code='d'>DLC</subfield><subfield code='d'>ABD026</subfield></datafield><datafield ind1=' ' ind2=' ' tag='042'><subfield code='a'>lccopycat</subfield></datafield><datafield ind1='0' ind2='0' tag='050'><subfield code='a'>QA76.76.D47</subfield><subfield code='b'>C568 2005</subfield></datafield><datafield ind1='1' ind2=' ' tag='100'><subfield code='a'>Clarke, Siobhan</subfield></datafield><datafield ind1='1' ind2='0' tag='245'><subfield code='a'>Aspect-oriented analysis and design :</subfield><subfield code='b'>the theme approach /</subfield><subfield code='c'>Siobhan Clarke, Elisa Banniassad.</subfield></datafield><datafield ind1=' ' ind2=' ' tag='260'><subfield code='a'>Upper Saddle River, NJ :</subfield><subfield code='b'>Addison-Wesley,</subfield><subfield code='c'>c2005.</subfield></datafield><datafield ind1=' ' ind2=' ' tag='300'><subfield code='a'>xxviii, 366 p. :</subfield><subfield code='b'>ill. ;</subfield><subfield code='c'>24 cm.</subfield></datafield><datafield ind1=' ' ind2='4' tag='440'><subfield code='a'>The Addison-Wesley object technology series</subfield></datafield><datafield ind1=' ' ind2=' ' tag='504'><subfield code='a'>Includes bibliographical references (p. 351-352) and index.</subfield></datafield><datafield ind1=' ' ind2='0' tag='650'><subfield code='a'>Computer software</subfield><subfield code='x'>Development.</subfield></datafield><datafield ind1=' ' ind2='0' tag='650'><subfield code='a'>Object-oriented programming (Computer science)</subfield></datafield><datafield ind1='1' ind2=' ' tag='700'><subfield code='a'>Baniassad, Elisa.</subfield></datafield><datafield ind1=' ' ind2=' ' tag='KPW'><subfield code='a'>36479</subfield></datafield><datafield ind1=' ' ind2=' ' tag='CAT'><subfield code='c'>20070705</subfield><subfield code='l'>CZU01</subfield><subfield code='h'>0922</subfield></datafield><datafield ind1=' ' ind2=' ' tag='CAT'><subfield code='c'>20080313</subfield><subfield code='l'>CZU01</subfield><subfield code='h'>1519</subfield></datafield><datafield ind1=' ' ind2=' ' tag='CAT'><subfield code='a'>BATCH</subfield><subfield code='b'>00</subfield><subfield code='c'>20091216</subfield><subfield code='l'>CZU01</subfield><subfield code='h'>1513</subfield></datafield><datafield ind1=' ' ind2=' ' tag='CAT'><subfield code='a'>KULHAVA</subfield><subfield code='b'>20</subfield><subfield code='c'>20110922</subfield><subfield code='l'>CZU01</subfield><subfield code='h'>0901</subfield></datafield><datafield ind1=' ' ind2=' ' tag='CAT'><subfield code='a'>KULHAVA</subfield><subfield code='b'>20</subfield><subfield code='c'>20110922</subfield><subfield code='l'>CZU01</subfield><subfield code='h'>0901</subfield></datafield><datafield ind1=' ' ind2=' ' tag='CAT'><subfield code='a'>batch</subfield><subfield code='b'>00</subfield><subfield code='c'>20120323</subfield><subfield code='l'>CZU01</subfield><subfield code='h'>1719</subfield></datafield><datafield ind1=' ' ind2=' ' tag='910'><subfield code='a'>ABD026</subfield></datafield><datafield ind1=' ' ind2=' ' tag='SID'><subfield code='a'>Z39</subfield><subfield code='b'>LOC</subfield></datafield><datafield ind1='0' ind2=' ' tag='090'><subfield code='b'>1</subfield></datafield></record>