
<record><leader>00000namZa22ZZZZZZaZ4500</leader><controlfield tag='001'>czu000051070</controlfield><controlfield tag='003'>CZ-PrCZU</controlfield><controlfield tag='005'>20110921140834.0</controlfield><controlfield tag='008'>100101s2002----xxk----|------------eng--</controlfield><datafield ind1=' ' ind2=' ' tag='020'><subfield code='a'>0-415-22675-9</subfield></datafield><datafield ind1=' ' ind2=' ' tag='040'><subfield code='a'>ABG001</subfield><subfield code='b'>cze</subfield><subfield code='c'>ABG001</subfield><subfield code='d'>ABD026</subfield></datafield><datafield ind1='1' ind2=' ' tag='100'><subfield code='a'>Gensler, Harry J.,</subfield><subfield code='d'>1945-</subfield><subfield code='4'>aut</subfield></datafield><datafield ind1='1' ind2='0' tag='245'><subfield code='a'>Introduction to logic /</subfield><subfield code='c'>Harry J. Gensler</subfield></datafield><datafield ind1=' ' ind2=' ' tag='260'><subfield code='a'>London ; New York :</subfield><subfield code='b'>Routledge,</subfield><subfield code='c'>2002</subfield></datafield><datafield ind1=' ' ind2=' ' tag='300'><subfield code='a'>ix, 399 s. :</subfield><subfield code='b'>obr., schémata, tab. ;</subfield><subfield code='c'>26 cm</subfield></datafield><datafield ind1=' ' ind2='7' tag='655'><subfield code='a'>monografie</subfield><subfield code='7'>fd132842</subfield><subfield code='2'>czenas</subfield></datafield><datafield ind1=' ' ind2='7' tag='655'><subfield code='a'>učební texty</subfield><subfield code='7'>fd133599</subfield><subfield code='2'>czenas</subfield></datafield><datafield ind1=' ' ind2=' ' tag='KPW'><subfield code='a'>36475</subfield></datafield><datafield ind1=' ' ind2=' ' tag='CAT'><subfield code='c'>20070705</subfield><subfield code='l'>CZU01</subfield><subfield code='h'>0922</subfield></datafield><datafield ind1=' ' ind2=' ' tag='CAT'><subfield code='c'>20080313</subfield><subfield code='l'>CZU01</subfield><subfield code='h'>1519</subfield></datafield><datafield ind1=' ' ind2=' ' tag='CAT'><subfield code='a'>BATCH</subfield><subfield code='b'>00</subfield><subfield code='c'>20091216</subfield><subfield code='l'>CZU01</subfield><subfield code='h'>1513</subfield></datafield><datafield ind1=' ' ind2=' ' tag='CAT'><subfield code='a'>KULHAVA</subfield><subfield code='b'>20</subfield><subfield code='c'>20110921</subfield><subfield code='l'>CZU01</subfield><subfield code='h'>1408</subfield></datafield><datafield ind1=' ' ind2=' ' tag='CAT'><subfield code='a'>KULHAVA</subfield><subfield code='b'>20</subfield><subfield code='c'>20110921</subfield><subfield code='l'>CZU01</subfield><subfield code='h'>1408</subfield></datafield><datafield ind1=' ' ind2=' ' tag='CAT'><subfield code='a'>batch</subfield><subfield code='b'>00</subfield><subfield code='c'>20120323</subfield><subfield code='l'>CZU01</subfield><subfield code='h'>1719</subfield></datafield><datafield ind1=' ' ind2=' ' tag='910'><subfield code='a'>ABD026</subfield></datafield><datafield ind1=' ' ind2=' ' tag='SID'><subfield code='a'>Z39</subfield><subfield code='b'>SKC-Z</subfield></datafield><datafield ind1='0' ind2=' ' tag='090'><subfield code='b'>1</subfield></datafield></record>