
<record><leader>00000namZa22ZZZZZZaZ4500</leader><controlfield tag='001'>czu000051069</controlfield><controlfield tag='003'>CZ-PrCZU</controlfield><controlfield tag='005'>20111128143753.0</controlfield><controlfield tag='008'>000127s1999----gw------------------eng--</controlfield><datafield ind1=' ' ind2=' ' tag='020'><subfield code='a'>3-540-66822-5</subfield></datafield><datafield ind1=' ' ind2=' ' tag='040'><subfield code='a'>ABA013</subfield><subfield code='b'>cze</subfield><subfield code='d'>ABD026</subfield></datafield><datafield ind1=' ' ind2=' ' tag='080'><subfield code='a'>007.52(063)</subfield></datafield><datafield ind1=' ' ind2=' ' tag='080'><subfield code='a'>519.7(063)</subfield></datafield><datafield ind1='0' ind2='0' tag='245'><subfield code='a'>Advanced topics in Artificial Intelligence :</subfield><subfield code='b'>12th Australian Joint Conference on Artificial Intelligence, AI &apos;99, Sydney, Australia, December 6-10, 1999. Proceedings /</subfield><subfield code='c'>Edited by Norman Foo</subfield></datafield><datafield ind1=' ' ind2=' ' tag='260'><subfield code='a'>Berlin :</subfield><subfield code='b'>Springer,</subfield><subfield code='c'>1999</subfield></datafield><datafield ind1=' ' ind2=' ' tag='300'><subfield code='a'>xv, 500 s.</subfield></datafield><datafield ind1='0' ind2=' ' tag='490'><subfield code='a'>Lecture notes in computer science ;</subfield><subfield code='v'>1747</subfield></datafield><datafield ind1=' ' ind2=' ' tag='500'><subfield code='a'>Konference, Sydney, 1999</subfield></datafield><datafield ind1='0' ind2='7' tag='650'><subfield code='a'>umělá inteligence</subfield><subfield code='x'>vt</subfield><subfield code='2'>psh</subfield></datafield><datafield ind1='1' ind2=' ' tag='700'><subfield code='a'>Foo, Norman</subfield><subfield code='4'>edt</subfield></datafield><datafield ind1=' ' ind2=' ' tag='KPW'><subfield code='a'>36474</subfield></datafield><datafield ind1=' ' ind2=' ' tag='CAT'><subfield code='c'>20070705</subfield><subfield code='l'>CZU01</subfield><subfield code='h'>0922</subfield></datafield><datafield ind1=' ' ind2=' ' tag='CAT'><subfield code='c'>20080313</subfield><subfield code='l'>CZU01</subfield><subfield code='h'>1519</subfield></datafield><datafield ind1=' ' ind2=' ' tag='CAT'><subfield code='a'>BATCH</subfield><subfield code='b'>00</subfield><subfield code='c'>20091216</subfield><subfield code='l'>CZU01</subfield><subfield code='h'>1513</subfield></datafield><datafield ind1=' ' ind2=' ' tag='CAT'><subfield code='a'>KULHAVA</subfield><subfield code='b'>20</subfield><subfield code='c'>20111128</subfield><subfield code='l'>CZU01</subfield><subfield code='h'>1437</subfield></datafield><datafield ind1=' ' ind2=' ' tag='CAT'><subfield code='a'>batch</subfield><subfield code='b'>00</subfield><subfield code='c'>20120323</subfield><subfield code='l'>CZU01</subfield><subfield code='h'>1719</subfield></datafield><datafield ind1=' ' ind2=' ' tag='910'><subfield code='a'>ABD026</subfield></datafield><datafield ind1=' ' ind2=' ' tag='SID'><subfield code='a'>Z39</subfield><subfield code='b'>SKC-Z-SN</subfield></datafield><datafield ind1='0' ind2=' ' tag='090'><subfield code='b'>1</subfield></datafield></record>