
<record><leader>00000namZa22ZZZZZZaZ4500</leader><controlfield tag='001'>czu000051068</controlfield><controlfield tag='003'>CZ-PrCZU</controlfield><controlfield tag='005'>20111128145259.0</controlfield><controlfield tag='008'>060615s2006----gw-a-----bf---001-0-eng--</controlfield><datafield ind1='7' ind2=' ' tag='016'><subfield code='a'>978719212</subfield><subfield code='2'>DE-101</subfield></datafield><datafield ind1=' ' ind2=' ' tag='020'><subfield code='a'>3540327878</subfield></datafield><datafield ind1=' ' ind2=' ' tag='020'><subfield code='a'>9783540327875</subfield></datafield><datafield ind1=' ' ind2=' ' tag='035'><subfield code='a'>(OCoLC)ocm71438936</subfield></datafield><datafield ind1=' ' ind2=' ' tag='040'><subfield code='a'>BID</subfield><subfield code='c'>BID</subfield><subfield code='d'>BAKER</subfield><subfield code='d'>YDXCP</subfield><subfield code='d'>OCLCQ</subfield><subfield code='d'>COA</subfield><subfield code='d'>OHX</subfield><subfield code='d'>BTCTA</subfield><subfield code='d'>DLC</subfield><subfield code='d'>ABD026</subfield></datafield><datafield ind1=' ' ind2=' ' tag='042'><subfield code='a'>lccopycat</subfield></datafield><datafield ind1='0' ind2='0' tag='050'><subfield code='a'>LB1028.5</subfield><subfield code='b'>.E35 2006</subfield></datafield><datafield ind1='1' ind2=' ' tag='100'><subfield code='a'>Ehlers, Ulf-Daniel.</subfield></datafield><datafield ind1='1' ind2='0' tag='245'><subfield code='a'>Handbook on quality and standardisation in E-learning /</subfield><subfield code='c'>Ulf-Daniel Ehlers, Jan Martin Pawlowski.</subfield></datafield><datafield ind1=' ' ind2=' ' tag='260'><subfield code='a'>Berlin :</subfield><subfield code='b'>Springer,</subfield><subfield code='c'>c2006.</subfield></datafield><datafield ind1=' ' ind2=' ' tag='300'><subfield code='a'>xx, 573 p. :</subfield><subfield code='b'>ill. ;</subfield><subfield code='c'>24 cm.</subfield></datafield><datafield ind1=' ' ind2=' ' tag='500'><subfield code='a'>Includes cases studies from Finland, France, Poland, Spain and Switzerland.</subfield></datafield><datafield ind1=' ' ind2=' ' tag='504'><subfield code='a'>Includes bibliographical references (p. [513]-552) and index.</subfield></datafield><datafield ind1=' ' ind2='0' tag='650'><subfield code='a'>Computer-assisted instruction</subfield><subfield code='x'>Standards</subfield><subfield code='v'>Handbooks, manuals, etc.</subfield></datafield><datafield ind1=' ' ind2='0' tag='650'><subfield code='a'>Web-based instruction</subfield><subfield code='x'>Standards</subfield><subfield code='v'>Handbooks, manuals, etc.</subfield></datafield><datafield ind1=' ' ind2='0' tag='650'><subfield code='a'>Educational technology</subfield><subfield code='x'>Standards</subfield><subfield code='v'>Handbooks, manuals, etc.</subfield></datafield><datafield ind1='1' ind2=' ' tag='700'><subfield code='a'>Pawlowski, Jan M.</subfield></datafield><datafield ind1=' ' ind2=' ' tag='KPW'><subfield code='a'>36473</subfield></datafield><datafield ind1=' ' ind2=' ' tag='CAT'><subfield code='c'>20070705</subfield><subfield code='l'>CZU01</subfield><subfield code='h'>0922</subfield></datafield><datafield ind1=' ' ind2=' ' tag='CAT'><subfield code='c'>20080313</subfield><subfield code='l'>CZU01</subfield><subfield code='h'>1519</subfield></datafield><datafield ind1=' ' ind2=' ' tag='CAT'><subfield code='a'>BATCH</subfield><subfield code='b'>00</subfield><subfield code='c'>20091216</subfield><subfield code='l'>CZU01</subfield><subfield code='h'>1513</subfield></datafield><datafield ind1=' ' ind2=' ' tag='CAT'><subfield code='a'>KULHAVA</subfield><subfield code='b'>20</subfield><subfield code='c'>20111128</subfield><subfield code='l'>CZU01</subfield><subfield code='h'>1452</subfield></datafield><datafield ind1=' ' ind2=' ' tag='CAT'><subfield code='a'>batch</subfield><subfield code='b'>00</subfield><subfield code='c'>20120323</subfield><subfield code='l'>CZU01</subfield><subfield code='h'>1719</subfield></datafield><datafield ind1=' ' ind2=' ' tag='910'><subfield code='a'>ABD026</subfield></datafield><datafield ind1=' ' ind2=' ' tag='SID'><subfield code='a'>Z39</subfield><subfield code='b'>LOC</subfield></datafield><datafield ind1='0' ind2=' ' tag='090'><subfield code='b'>1</subfield></datafield></record>