
<record><leader>00000namZa22ZZZZZZaZ4500</leader><controlfield tag='001'>czu000050730</controlfield><controlfield tag='003'>CZ-PrCZU</controlfield><controlfield tag='005'>20110117101000.0</controlfield><controlfield tag='008'>061124s1997----xxu-----------------eng--</controlfield><datafield ind1=' ' ind2=' ' tag='020'><subfield code='a'>0-201-89542-0</subfield></datafield><datafield ind1=' ' ind2=' ' tag='040'><subfield code='a'>ABD026</subfield><subfield code='b'>cze</subfield></datafield><datafield ind1=' ' ind2=' ' tag='080'><subfield code='a'>004.42</subfield><subfield code='2'>MRF</subfield></datafield><datafield ind1=' ' ind2=' ' tag='080'><subfield code='a'>004.045</subfield><subfield code='2'>MRF</subfield></datafield><datafield ind1='1' ind2=' ' tag='100'><subfield code='a'>Fowler, Martin,</subfield><subfield code='d'>1963-</subfield><subfield code='7'>mzk2003175444</subfield></datafield><datafield ind1='1' ind2='0' tag='245'><subfield code='a'>Analysis patterns :</subfield><subfield code='b'>reusable object models /</subfield><subfield code='c'>Martin Fowler</subfield></datafield><datafield ind1=' ' ind2=' ' tag='250'><subfield code='a'>1st ed.</subfield></datafield><datafield ind1=' ' ind2=' ' tag='260'><subfield code='a'>Boston :</subfield><subfield code='b'>ADDISON-WESLEY,</subfield><subfield code='c'>1997</subfield></datafield><datafield ind1=' ' ind2=' ' tag='300'><subfield code='a'>357 s.</subfield></datafield><datafield ind1=' ' ind2='7' tag='650'><subfield code='a'>systémová analýza</subfield><subfield code='7'>ph116372</subfield><subfield code='2'>czenas</subfield></datafield><datafield ind1=' ' ind2='7' tag='650'><subfield code='a'>objektově orientované programování</subfield><subfield code='7'>ph115529</subfield><subfield code='2'>czenas</subfield></datafield><datafield ind1=' ' ind2=' ' tag='KPW'><subfield code='a'>36085</subfield></datafield><datafield ind1=' ' ind2=' ' tag='CAT'><subfield code='c'>20070705</subfield><subfield code='l'>CZU01</subfield><subfield code='h'>0922</subfield></datafield><datafield ind1=' ' ind2=' ' tag='CAT'><subfield code='c'>20080313</subfield><subfield code='l'>CZU01</subfield><subfield code='h'>1519</subfield></datafield><datafield ind1=' ' ind2=' ' tag='CAT'><subfield code='a'>BATCH</subfield><subfield code='b'>00</subfield><subfield code='c'>20091216</subfield><subfield code='l'>CZU01</subfield><subfield code='h'>1513</subfield></datafield><datafield ind1=' ' ind2=' ' tag='CAT'><subfield code='a'>KULHAVA</subfield><subfield code='b'>20</subfield><subfield code='c'>20110117</subfield><subfield code='l'>CZU01</subfield><subfield code='h'>1010</subfield></datafield><datafield ind1=' ' ind2=' ' tag='CAT'><subfield code='a'>batch</subfield><subfield code='b'>00</subfield><subfield code='c'>20120323</subfield><subfield code='l'>CZU01</subfield><subfield code='h'>1719</subfield></datafield><datafield ind1=' ' ind2=' ' tag='910'><subfield code='a'>ABD026</subfield></datafield><datafield ind1='0' ind2=' ' tag='090'><subfield code='b'>1</subfield></datafield></record>