
<record><leader>00000namZa22ZZZZZZaZ4500</leader><controlfield tag='001'>czu000050729</controlfield><controlfield tag='003'>CZ-PrCZU</controlfield><controlfield tag='005'>20120627094827.0</controlfield><controlfield tag='008'>061124s1995----xxua---f--------1---eng--</controlfield><datafield ind1=' ' ind2=' ' tag='020'><subfield code='a'>0-201-63361-2</subfield></datafield><datafield ind1=' ' ind2=' ' tag='040'><subfield code='a'>ABD026</subfield><subfield code='b'>cze</subfield></datafield><datafield ind1='0' ind2='0' tag='050'><subfield code='a'>QA76.64</subfield><subfield code='b'>.D47 1994</subfield></datafield><datafield ind1=' ' ind2='7' tag='072'><subfield code='a'>004.4/.6</subfield><subfield code='x'>Programové vybavení. Programové prostředky</subfield><subfield code='2'>Konspekt</subfield><subfield code='9'>23</subfield></datafield><datafield ind1=' ' ind2=' ' tag='080'><subfield code='a'>004.42.045</subfield><subfield code='2'>MRF</subfield></datafield><datafield ind1='0' ind2='0' tag='245'><subfield code='a'>Design patterns :</subfield><subfield code='b'>elements of reusable object-oriented software /</subfield><subfield code='c'>Erich Gamma ... [et al.].</subfield></datafield><datafield ind1=' ' ind2=' ' tag='250'><subfield code='a'>1st ed.</subfield></datafield><datafield ind1=' ' ind2=' ' tag='260'><subfield code='a'>Boston :</subfield><subfield code='b'>ADDISON-WESLEY,</subfield><subfield code='c'>1995</subfield></datafield><datafield ind1=' ' ind2=' ' tag='300'><subfield code='a'>395 s. :</subfield><subfield code='b'>il.</subfield></datafield><datafield ind1='0' ind2=' ' tag='490'><subfield code='a'>Addison-Wesley professional computing series</subfield></datafield><datafield ind1=' ' ind2=' ' tag='500'><subfield code='a'>r. 2009, 37. dotisk</subfield></datafield><datafield ind1=' ' ind2=' ' tag='504'><subfield code='a'>Obsahuje bibliografii a rejstřík</subfield></datafield><datafield ind1='0' ind2='7' tag='650'><subfield code='a'>objektově orientované programování</subfield><subfield code='7'>ph115529</subfield><subfield code='2'>czenas</subfield></datafield><datafield ind1=' ' ind2='4' tag='655'><subfield code='a'>příručka</subfield></datafield><datafield ind1='1' ind2=' ' tag='700'><subfield code='a'>Gamma, Erich</subfield><subfield code='7'>mzk2003169509</subfield><subfield code='4'>aut</subfield></datafield><datafield ind1=' ' ind2='0' tag='830'><subfield code='a'>Addison-Wesley professional computing series</subfield></datafield><datafield ind1=' ' ind2=' ' tag='KPW'><subfield code='a'>36083</subfield></datafield><datafield ind1=' ' ind2=' ' tag='CAT'><subfield code='c'>20070705</subfield><subfield code='l'>CZU01</subfield><subfield code='h'>0922</subfield></datafield><datafield ind1=' ' ind2=' ' tag='CAT'><subfield code='c'>20080313</subfield><subfield code='l'>CZU01</subfield><subfield code='h'>1519</subfield></datafield><datafield ind1=' ' ind2=' ' tag='CAT'><subfield code='a'>NEMECKOVA</subfield><subfield code='b'>20</subfield><subfield code='c'>20091126</subfield><subfield code='l'>CZU01</subfield><subfield code='h'>0916</subfield></datafield><datafield ind1=' ' ind2=' ' tag='CAT'><subfield code='a'>NEMECKOVA</subfield><subfield code='b'>20</subfield><subfield code='c'>20091126</subfield><subfield code='l'>CZU01</subfield><subfield code='h'>0921</subfield></datafield><datafield ind1=' ' ind2=' ' tag='CAT'><subfield code='a'>batch</subfield><subfield code='b'>00</subfield><subfield code='c'>20120323</subfield><subfield code='l'>CZU01</subfield><subfield code='h'>1719</subfield></datafield><datafield ind1=' ' ind2=' ' tag='CAT'><subfield code='a'>KULHAVA</subfield><subfield code='b'>20</subfield><subfield code='c'>20120627</subfield><subfield code='l'>CZU01</subfield><subfield code='h'>0946</subfield></datafield><datafield ind1=' ' ind2=' ' tag='CAT'><subfield code='a'>KULHAVA</subfield><subfield code='b'>20</subfield><subfield code='c'>20120627</subfield><subfield code='l'>CZU01</subfield><subfield code='h'>0948</subfield></datafield><datafield ind1=' ' ind2=' ' tag='910'><subfield code='a'>ABD026</subfield></datafield><datafield ind1='0' ind2=' ' tag='090'><subfield code='b'>2</subfield></datafield></record>