
<record><leader>00000namZa22ZZZZZZaZ4500</leader><controlfield tag='001'>czu000050728</controlfield><controlfield tag='003'>CZ-PrCZU</controlfield><controlfield tag='005'>20110117092419.0</controlfield><controlfield tag='008'>061124s2003----xxu-----------------eng--</controlfield><datafield ind1=' ' ind2=' ' tag='020'><subfield code='a'>0-321-12742-0</subfield></datafield><datafield ind1=' ' ind2=' ' tag='040'><subfield code='a'>ABD026</subfield><subfield code='b'>cze</subfield></datafield><datafield ind1=' ' ind2=' ' tag='080'><subfield code='a'>004.2</subfield><subfield code='2'>MRF</subfield></datafield><datafield ind1=' ' ind2=' ' tag='080'><subfield code='a'>519.7</subfield><subfield code='2'>MRF</subfield></datafield><datafield ind1='1' ind2=' ' tag='100'><subfield code='a'>Fowler, Martin,</subfield><subfield code='d'>1963-</subfield><subfield code='7'>mzk2003175444</subfield></datafield><datafield ind1='1' ind2='0' tag='245'><subfield code='a'>Patterns of enterprise application architecture /</subfield><subfield code='c'>Martin Fowler with contributions from David Rice ... [et al.]</subfield></datafield><datafield ind1=' ' ind2=' ' tag='250'><subfield code='a'>1st ed.</subfield></datafield><datafield ind1=' ' ind2=' ' tag='260'><subfield code='a'>Boston :</subfield><subfield code='b'>ADDISON-WESLEY,</subfield><subfield code='c'>2003</subfield></datafield><datafield ind1=' ' ind2=' ' tag='300'><subfield code='a'>533 s.</subfield></datafield><datafield ind1=' ' ind2='7' tag='650'><subfield code='a'>počítačová architektura</subfield><subfield code='7'>ph124502</subfield><subfield code='2'>czenas</subfield></datafield><datafield ind1=' ' ind2='7' tag='650'><subfield code='a'>matematická kybernetika</subfield><subfield code='7'>ph122669</subfield><subfield code='2'>czenas</subfield></datafield><datafield ind1='1' ind2=' ' tag='700'><subfield code='a'>Rice, David</subfield><subfield code='7'>xx0022311</subfield></datafield><datafield ind1=' ' ind2=' ' tag='KPW'><subfield code='a'>36082</subfield></datafield><datafield ind1=' ' ind2=' ' tag='CAT'><subfield code='c'>20070705</subfield><subfield code='l'>CZU01</subfield><subfield code='h'>0922</subfield></datafield><datafield ind1=' ' ind2=' ' tag='CAT'><subfield code='c'>20080313</subfield><subfield code='l'>CZU01</subfield><subfield code='h'>1519</subfield></datafield><datafield ind1=' ' ind2=' ' tag='CAT'><subfield code='a'>BATCH</subfield><subfield code='b'>00</subfield><subfield code='c'>20091216</subfield><subfield code='l'>CZU01</subfield><subfield code='h'>1513</subfield></datafield><datafield ind1=' ' ind2=' ' tag='CAT'><subfield code='a'>KULHAVA</subfield><subfield code='b'>20</subfield><subfield code='c'>20110117</subfield><subfield code='l'>CZU01</subfield><subfield code='h'>0922</subfield></datafield><datafield ind1=' ' ind2=' ' tag='CAT'><subfield code='a'>KULHAVA</subfield><subfield code='b'>20</subfield><subfield code='c'>20110117</subfield><subfield code='l'>CZU01</subfield><subfield code='h'>0924</subfield></datafield><datafield ind1=' ' ind2=' ' tag='CAT'><subfield code='a'>batch</subfield><subfield code='b'>00</subfield><subfield code='c'>20120323</subfield><subfield code='l'>CZU01</subfield><subfield code='h'>1719</subfield></datafield><datafield ind1=' ' ind2=' ' tag='910'><subfield code='a'>ABD026</subfield></datafield><datafield ind1='0' ind2=' ' tag='090'><subfield code='b'>1</subfield></datafield></record>