
<record><leader>00000namZa22ZZZZZZaZ4500</leader><controlfield tag='001'>czu000050727</controlfield><controlfield tag='003'>CZ-PrCZU</controlfield><controlfield tag='005'>20140521085212.0</controlfield><controlfield tag='008'>061124s1979----xxu-----------------eng--</controlfield><datafield ind1=' ' ind2=' ' tag='020'><subfield code='z'>0195024028 :</subfield><subfield code='c'>$19.50</subfield></datafield><datafield ind1=' ' ind2=' ' tag='040'><subfield code='a'>DLC</subfield><subfield code='c'>DLC</subfield><subfield code='d'>DLC</subfield><subfield code='d'>ABD026</subfield></datafield><datafield ind1='0' ind2='0' tag='050'><subfield code='a'>NA2500</subfield><subfield code='b'>.A45</subfield></datafield><datafield ind1='1' ind2=' ' tag='100'><subfield code='a'>Alexander, Christopher,</subfield><subfield code='d'>1936-</subfield><subfield code='7'>vse2007387311</subfield></datafield><datafield ind1='1' ind2='4' tag='245'><subfield code='a'>The timeless way of building /</subfield><subfield code='c'>Christopher Alexander.</subfield></datafield><datafield ind1=' ' ind2=' ' tag='260'><subfield code='a'>New York :</subfield><subfield code='b'>Oxford University Press,</subfield><subfield code='c'>1979.</subfield></datafield><datafield ind1=' ' ind2=' ' tag='300'><subfield code='a'>xv, 552 p. :</subfield><subfield code='b'>ill. ;</subfield><subfield code='c'>21 cm.</subfield></datafield><datafield ind1=' ' ind2='0' tag='650'><subfield code='a'>Architecture.</subfield></datafield><datafield ind1=' ' ind2='0' tag='650'><subfield code='a'>Pattern perception.</subfield></datafield><datafield ind1=' ' ind2=' ' tag='KPW'><subfield code='a'>36081</subfield></datafield><datafield ind1=' ' ind2=' ' tag='CAT'><subfield code='c'>20070705</subfield><subfield code='l'>CZU01</subfield><subfield code='h'>0922</subfield></datafield><datafield ind1=' ' ind2=' ' tag='CAT'><subfield code='c'>20080313</subfield><subfield code='l'>CZU01</subfield><subfield code='h'>1519</subfield></datafield><datafield ind1=' ' ind2=' ' tag='CAT'><subfield code='a'>BATCH</subfield><subfield code='b'>00</subfield><subfield code='c'>20091216</subfield><subfield code='l'>CZU01</subfield><subfield code='h'>1513</subfield></datafield><datafield ind1=' ' ind2=' ' tag='CAT'><subfield code='a'>KULHAVA</subfield><subfield code='b'>20</subfield><subfield code='c'>20110117</subfield><subfield code='l'>CZU01</subfield><subfield code='h'>0912</subfield></datafield><datafield ind1=' ' ind2=' ' tag='CAT'><subfield code='a'>batch</subfield><subfield code='b'>00</subfield><subfield code='c'>20120323</subfield><subfield code='l'>CZU01</subfield><subfield code='h'>1719</subfield></datafield><datafield ind1=' ' ind2=' ' tag='CAT'><subfield code='a'>KULHAVA</subfield><subfield code='b'>20</subfield><subfield code='c'>20140521</subfield><subfield code='l'>CZU01</subfield><subfield code='h'>0852</subfield></datafield><datafield ind1=' ' ind2=' ' tag='910'><subfield code='a'>ABD026</subfield></datafield><datafield ind1=' ' ind2=' ' tag='SID'><subfield code='a'>Z39</subfield><subfield code='b'>LOC</subfield></datafield><datafield ind1='0' ind2=' ' tag='090'><subfield code='b'>1</subfield></datafield></record>