
<record><leader>00000namZa22ZZZZZZaZ4500</leader><controlfield tag='001'>czu000049919</controlfield><controlfield tag='003'>CZ-PrCZU</controlfield><controlfield tag='005'>20110111092650.0</controlfield><controlfield tag='008'>060511s2001----xxk-----------------eng--</controlfield><datafield ind1=' ' ind2=' ' tag='020'><subfield code='a'>981-024700-1</subfield></datafield><datafield ind1=' ' ind2=' ' tag='040'><subfield code='a'>ABD026</subfield><subfield code='b'>cze</subfield></datafield><datafield ind1=' ' ind2=' ' tag='080'><subfield code='a'>004.8:510.5</subfield><subfield code='2'>MRF</subfield></datafield><datafield ind1='1' ind2=' ' tag='100'><subfield code='a'>Aliev, R.A.</subfield></datafield><datafield ind1='1' ind2='0' tag='245'><subfield code='a'>Soft computing and its applications /</subfield><subfield code='c'>R.A. Aliev, R.R. Aliev</subfield></datafield><datafield ind1=' ' ind2=' ' tag='250'><subfield code='a'>1st ed.</subfield></datafield><datafield ind1=' ' ind2=' ' tag='260'><subfield code='a'>London :</subfield><subfield code='b'>World Scientific,</subfield><subfield code='c'>2001</subfield></datafield><datafield ind1=' ' ind2=' ' tag='300'><subfield code='a'>444 s.</subfield></datafield><datafield ind1=' ' ind2='7' tag='650'><subfield code='a'>genetické algoritmy</subfield><subfield code='7'>ph120485</subfield><subfield code='2'>czenas</subfield></datafield><datafield ind1='1' ind2=' ' tag='700'><subfield code='a'>Aliev, R.R.</subfield></datafield><datafield ind1=' ' ind2=' ' tag='KPW'><subfield code='a'>35115</subfield></datafield><datafield ind1=' ' ind2=' ' tag='CAT'><subfield code='c'>20070705</subfield><subfield code='l'>CZU01</subfield><subfield code='h'>0922</subfield></datafield><datafield ind1=' ' ind2=' ' tag='CAT'><subfield code='c'>20080313</subfield><subfield code='l'>CZU01</subfield><subfield code='h'>1519</subfield></datafield><datafield ind1=' ' ind2=' ' tag='CAT'><subfield code='a'>BATCH</subfield><subfield code='b'>00</subfield><subfield code='c'>20091216</subfield><subfield code='l'>CZU01</subfield><subfield code='h'>1512</subfield></datafield><datafield ind1=' ' ind2=' ' tag='CAT'><subfield code='a'>KULHAVA</subfield><subfield code='b'>20</subfield><subfield code='c'>20110111</subfield><subfield code='l'>CZU01</subfield><subfield code='h'>0926</subfield></datafield><datafield ind1=' ' ind2=' ' tag='CAT'><subfield code='a'>batch</subfield><subfield code='b'>00</subfield><subfield code='c'>20120323</subfield><subfield code='l'>CZU01</subfield><subfield code='h'>1719</subfield></datafield><datafield ind1=' ' ind2=' ' tag='910'><subfield code='a'>ABD026</subfield></datafield><datafield ind1='0' ind2=' ' tag='090'><subfield code='b'>1</subfield></datafield></record>