
<record><leader>00000namZa22ZZZZZZaZ4500</leader><controlfield tag='001'>czu000049918</controlfield><controlfield tag='003'>CZ-PrCZU</controlfield><controlfield tag='005'>20110111094949.0</controlfield><controlfield tag='008'>040729s2005----paua-----b----001-0-eng--</controlfield><datafield ind1=' ' ind2=' ' tag='020'><subfield code='a'>1591403847</subfield></datafield><datafield ind1=' ' ind2=' ' tag='040'><subfield code='a'>DLC</subfield><subfield code='c'>DLC</subfield><subfield code='d'>DLC</subfield><subfield code='d'>ABD026</subfield></datafield><datafield ind1=' ' ind2=' ' tag='042'><subfield code='a'>pcc</subfield></datafield><datafield ind1='0' ind2='0' tag='050'><subfield code='a'>QA76.9.D3</subfield><subfield code='b'>M274 2005</subfield></datafield><datafield ind1='1' ind2=' ' tag='100'><subfield code='a'>Ma, Zongmin,</subfield><subfield code='d'>1965-</subfield></datafield><datafield ind1='1' ind2='0' tag='245'><subfield code='a'>Advances in fuzzy object-oriented databases :</subfield><subfield code='b'>Modeling and applications /</subfield><subfield code='c'>Zongmin Ma.</subfield></datafield><datafield ind1=' ' ind2=' ' tag='260'><subfield code='a'>Hershey, PA :</subfield><subfield code='b'>Idea Group Pub.,</subfield><subfield code='c'>c2005.</subfield></datafield><datafield ind1=' ' ind2=' ' tag='300'><subfield code='a'>ix, 343 p. :</subfield><subfield code='b'>ill. ;</subfield><subfield code='c'>27 cm.</subfield></datafield><datafield ind1=' ' ind2=' ' tag='504'><subfield code='a'>Includes bibliographical references and index.</subfield></datafield><datafield ind1=' ' ind2='0' tag='650'><subfield code='a'>Object-oriented databases.</subfield></datafield><datafield ind1=' ' ind2='0' tag='650'><subfield code='a'>Fuzzy systems.</subfield></datafield><datafield ind1=' ' ind2=' ' tag='KPW'><subfield code='a'>35114</subfield></datafield><datafield ind1=' ' ind2=' ' tag='CAT'><subfield code='c'>20070705</subfield><subfield code='l'>CZU01</subfield><subfield code='h'>0922</subfield></datafield><datafield ind1=' ' ind2=' ' tag='CAT'><subfield code='c'>20080313</subfield><subfield code='l'>CZU01</subfield><subfield code='h'>1519</subfield></datafield><datafield ind1=' ' ind2=' ' tag='CAT'><subfield code='a'>BATCH</subfield><subfield code='b'>00</subfield><subfield code='c'>20091216</subfield><subfield code='l'>CZU01</subfield><subfield code='h'>1512</subfield></datafield><datafield ind1=' ' ind2=' ' tag='CAT'><subfield code='a'>KULHAVA</subfield><subfield code='b'>20</subfield><subfield code='c'>20110111</subfield><subfield code='l'>CZU01</subfield><subfield code='h'>0949</subfield></datafield><datafield ind1=' ' ind2=' ' tag='CAT'><subfield code='a'>KULHAVA</subfield><subfield code='b'>20</subfield><subfield code='c'>20110111</subfield><subfield code='l'>CZU01</subfield><subfield code='h'>0949</subfield></datafield><datafield ind1=' ' ind2=' ' tag='CAT'><subfield code='a'>batch</subfield><subfield code='b'>00</subfield><subfield code='c'>20120323</subfield><subfield code='l'>CZU01</subfield><subfield code='h'>1719</subfield></datafield><datafield ind1=' ' ind2=' ' tag='910'><subfield code='a'>ABD026</subfield></datafield><datafield ind1=' ' ind2=' ' tag='SID'><subfield code='a'>Z39</subfield><subfield code='b'>LOC</subfield></datafield><datafield ind1='0' ind2=' ' tag='090'><subfield code='b'>1</subfield></datafield></record>