
<record><leader>00000namZa22ZZZZZZaZ4500</leader><controlfield tag='001'>czu000049845</controlfield><controlfield tag='003'>CZ-PrCZU</controlfield><controlfield tag='005'>20110110143202.0</controlfield><controlfield tag='008'>060411s2000----xxu-----------------eng--</controlfield><datafield ind1=' ' ind2=' ' tag='020'><subfield code='a'>0-521-64826-2</subfield></datafield><datafield ind1=' ' ind2=' ' tag='040'><subfield code='a'>ABD026</subfield><subfield code='b'>cze</subfield></datafield><datafield ind1=' ' ind2=' ' tag='080'><subfield code='a'>004</subfield><subfield code='2'>MRF</subfield></datafield><datafield ind1='1' ind2=' ' tag='100'><subfield code='a'>Ambler, Scott W.,</subfield><subfield code='d'>1966-</subfield><subfield code='7'>xx0012382</subfield></datafield><datafield ind1='1' ind2='0' tag='245'><subfield code='a'>Building object applications that work :</subfield><subfield code='b'>your step-by-step handbook for developing robust systems with object technology /</subfield><subfield code='c'>Scott W. Ambler</subfield></datafield><datafield ind1=' ' ind2=' ' tag='250'><subfield code='a'>1st ed.</subfield></datafield><datafield ind1=' ' ind2=' ' tag='260'><subfield code='a'>Cambridge :</subfield><subfield code='b'>University Press,</subfield><subfield code='c'>2000</subfield></datafield><datafield ind1=' ' ind2=' ' tag='300'><subfield code='a'>476 s.</subfield></datafield><datafield ind1=' ' ind2='7' tag='650'><subfield code='a'>počítačová věda</subfield><subfield code='7'>ph124511</subfield><subfield code='2'>czenas</subfield></datafield><datafield ind1=' ' ind2=' ' tag='KPW'><subfield code='a'>35013</subfield></datafield><datafield ind1=' ' ind2=' ' tag='CAT'><subfield code='c'>20070705</subfield><subfield code='l'>CZU01</subfield><subfield code='h'>0922</subfield></datafield><datafield ind1=' ' ind2=' ' tag='CAT'><subfield code='c'>20080313</subfield><subfield code='l'>CZU01</subfield><subfield code='h'>1519</subfield></datafield><datafield ind1=' ' ind2=' ' tag='CAT'><subfield code='a'>BATCH</subfield><subfield code='b'>00</subfield><subfield code='c'>20091216</subfield><subfield code='l'>CZU01</subfield><subfield code='h'>1512</subfield></datafield><datafield ind1=' ' ind2=' ' tag='CAT'><subfield code='a'>KULHAVA</subfield><subfield code='b'>20</subfield><subfield code='c'>20110110</subfield><subfield code='l'>CZU01</subfield><subfield code='h'>1432</subfield></datafield><datafield ind1=' ' ind2=' ' tag='CAT'><subfield code='a'>batch</subfield><subfield code='b'>00</subfield><subfield code='c'>20120323</subfield><subfield code='l'>CZU01</subfield><subfield code='h'>1719</subfield></datafield><datafield ind1=' ' ind2=' ' tag='910'><subfield code='a'>ABD026</subfield></datafield><datafield ind1='0' ind2=' ' tag='090'><subfield code='b'>2</subfield></datafield></record>