
<record><leader>00000namZa22ZZZZZZaZ4500</leader><controlfield tag='001'>czu000049844</controlfield><controlfield tag='003'>CZ-PrCZU</controlfield><controlfield tag='005'>20130321100456.0</controlfield><controlfield tag='008'>060411s2004----xxu-----------------eng--</controlfield><datafield ind1=' ' ind2=' ' tag='020'><subfield code='a'>0521540186 (pbk.)</subfield></datafield><datafield ind1=' ' ind2=' ' tag='040'><subfield code='a'>DLC</subfield><subfield code='c'>DLC</subfield><subfield code='d'>DLC</subfield><subfield code='d'>ABD026</subfield></datafield><datafield ind1=' ' ind2=' ' tag='042'><subfield code='a'>pcc</subfield></datafield><datafield ind1='0' ind2='0' tag='050'><subfield code='a'>QA76.64</subfield><subfield code='b'>.A494 2004</subfield></datafield><datafield ind1=' ' ind2=' ' tag='080'><subfield code='a'>004.41.045</subfield><subfield code='2'>MRF</subfield></datafield><datafield ind1='1' ind2=' ' tag='100'><subfield code='a'>Ambler, Scott W.,</subfield><subfield code='d'>1966-</subfield></datafield><datafield ind1='1' ind2='4' tag='245'><subfield code='a'>The object primer :</subfield><subfield code='b'>agile modeling-driven development with UML 2.0 /</subfield><subfield code='c'>Scott W. Ambler.</subfield></datafield><datafield ind1=' ' ind2=' ' tag='250'><subfield code='a'>3rd ed.</subfield></datafield><datafield ind1=' ' ind2=' ' tag='260'><subfield code='a'>Cambridge, UK :</subfield><subfield code='a'>New York :</subfield><subfield code='b'>Cambridge University Press,</subfield><subfield code='c'>2004.</subfield></datafield><datafield ind1=' ' ind2=' ' tag='300'><subfield code='a'>xxvi, 545 p. :</subfield><subfield code='b'>ill. ;</subfield><subfield code='c'>24 cm.</subfield></datafield><datafield ind1=' ' ind2=' ' tag='504'><subfield code='a'>Includes bibliographical references (p. 525-532) and index.</subfield></datafield><datafield ind1=' ' ind2='7' tag='650'><subfield code='a'>objektově orientované metody</subfield><subfield code='7'>ph123589</subfield><subfield code='2'>czenas</subfield></datafield><datafield ind1=' ' ind2='0' tag='650'><subfield code='a'>Object-oriented methods (Computer science)</subfield></datafield><datafield ind1=' ' ind2='0' tag='650'><subfield code='a'>UML (Computer science)</subfield></datafield><datafield ind1='4' ind2='1' tag='856'><subfield code='3'>Table of contents</subfield><subfield code='u'>http://www.loc.gov/catdir/toc/cam051/2004040400.html</subfield></datafield><datafield ind1='4' ind2='2' tag='856'><subfield code='3'>Publisher description</subfield><subfield code='u'>http://www.loc.gov/catdir/description/cam051/2004040400.html</subfield></datafield><datafield ind1='4' ind2='1' tag='856'><subfield code='3'>Sample text</subfield><subfield code='u'>http://www.loc.gov/catdir/samples/cam041/2004040400.html</subfield></datafield><datafield ind1=' ' ind2=' ' tag='KPW'><subfield code='a'>35012</subfield></datafield><datafield ind1=' ' ind2=' ' tag='CAT'><subfield code='c'>20070705</subfield><subfield code='l'>CZU01</subfield><subfield code='h'>0922</subfield></datafield><datafield ind1=' ' ind2=' ' tag='CAT'><subfield code='c'>20080313</subfield><subfield code='l'>CZU01</subfield><subfield code='h'>1519</subfield></datafield><datafield ind1=' ' ind2=' ' tag='CAT'><subfield code='a'>BATCH</subfield><subfield code='b'>00</subfield><subfield code='c'>20091216</subfield><subfield code='l'>CZU01</subfield><subfield code='h'>1512</subfield></datafield><datafield ind1=' ' ind2=' ' tag='CAT'><subfield code='a'>KULHAVA</subfield><subfield code='b'>20</subfield><subfield code='c'>20110110</subfield><subfield code='l'>CZU01</subfield><subfield code='h'>1436</subfield></datafield><datafield ind1=' ' ind2=' ' tag='CAT'><subfield code='a'>KULHAVA</subfield><subfield code='b'>20</subfield><subfield code='c'>20110110</subfield><subfield code='l'>CZU01</subfield><subfield code='h'>1436</subfield></datafield><datafield ind1=' ' ind2=' ' tag='CAT'><subfield code='a'>KULHAVA</subfield><subfield code='b'>20</subfield><subfield code='c'>20110110</subfield><subfield code='l'>CZU01</subfield><subfield code='h'>1436</subfield></datafield><datafield ind1=' ' ind2=' ' tag='CAT'><subfield code='a'>batch</subfield><subfield code='b'>00</subfield><subfield code='c'>20120323</subfield><subfield code='l'>CZU01</subfield><subfield code='h'>1719</subfield></datafield><datafield ind1=' ' ind2=' ' tag='CAT'><subfield code='a'>KULHAVA</subfield><subfield code='b'>20</subfield><subfield code='c'>20130321</subfield><subfield code='l'>CZU01</subfield><subfield code='h'>1004</subfield></datafield><datafield ind1=' ' ind2=' ' tag='910'><subfield code='a'>ABD026</subfield></datafield><datafield ind1=' ' ind2=' ' tag='SID'><subfield code='a'>Z39</subfield><subfield code='b'>LOC</subfield></datafield><datafield ind1='0' ind2=' ' tag='090'><subfield code='b'>1</subfield></datafield></record>