
<record><leader>00000namZa22ZZZZZZaZ4500</leader><controlfield tag='001'>czu000049781</controlfield><controlfield tag='003'>CZ-PrCZU</controlfield><controlfield tag='005'>20110110122924.0</controlfield><controlfield tag='007'>a--c----</controlfield><controlfield tag='008'>040203q20022003xr-b------------1---cze--</controlfield><datafield ind1=' ' ind2=' ' tag='015'><subfield code='a'>cnb001284678</subfield></datafield><datafield ind1=' ' ind2=' ' tag='020'><subfield code='a'>80-7316-098-6 (kroužkový blok)</subfield></datafield><datafield ind1='1' ind2=' ' tag='034'><subfield code='a'>a</subfield><subfield code='b'>10000</subfield></datafield><datafield ind1=' ' ind2=' ' tag='040'><subfield code='a'>ABA001</subfield><subfield code='b'>cze</subfield><subfield code='d'>ABD026</subfield></datafield><datafield ind1='0' ind2=' ' tag='041'><subfield code='a'>cze</subfield><subfield code='g'>eng</subfield><subfield code='g'>fre</subfield><subfield code='g'>ger</subfield><subfield code='g'>ita</subfield></datafield><datafield ind1=' ' ind2=' ' tag='043'><subfield code='a'>e-xr---</subfield><subfield code='b'>e-xr-pg</subfield><subfield code='2'>czenas</subfield></datafield><datafield ind1=' ' ind2=' ' tag='045'><subfield code='a'>y0y0</subfield></datafield><datafield ind1=' ' ind2='7' tag='072'><subfield code='a'>913(437)</subfield><subfield code='x'>Geografie Česka a Slovenska, reálie, cestování</subfield><subfield code='2'>Konspekt</subfield><subfield code='9'>7</subfield></datafield><datafield ind1=' ' ind2=' ' tag='080'><subfield code='a'>91(437.311)</subfield><subfield code='2'>MRF</subfield></datafield><datafield ind1=' ' ind2=' ' tag='080'><subfield code='a'>912.43:911.375</subfield><subfield code='2'>MRF</subfield></datafield><datafield ind1=' ' ind2=' ' tag='080'><subfield code='a'>(084.3)</subfield><subfield code='2'>MRF</subfield></datafield><datafield ind1='0' ind2='0' tag='245'><subfield code='a'>Praha</subfield><subfield code='h'>[kartografický dokument] :</subfield><subfield code='b'>městský atlas 1:10^000 : rejstřík ulic s PSČ; správní rozdělení; informace o dopravě; ubytování; kultura; turistické informace</subfield></datafield><datafield ind1=' ' ind2=' ' tag='255'><subfield code='a'>Měřítko 1:10^000</subfield></datafield><datafield ind1=' ' ind2=' ' tag='260'><subfield code='a'>Praha :</subfield><subfield code='b'>Freytag &amp; Berndt,</subfield><subfield code='c'>[2002 nebo 2003]</subfield></datafield><datafield ind1=' ' ind2=' ' tag='300'><subfield code='a'>1 atlas (216 s.) :</subfield><subfield code='b'>ca 166 barev. map ;</subfield><subfield code='c'>30 cm</subfield></datafield><datafield ind1=' ' ind2=' ' tag='504'><subfield code='a'>Obsahuje rejstřík</subfield></datafield><datafield ind1='2' ind2=' ' tag='505'><subfield code='a'>Průjezdní plán -- Pražská integrovaná doprava -- Městské části -- Důležité všeobecné informace -- Ubytovací zařízení -- Železniční doprava -- Autobusová doprava</subfield></datafield><datafield ind1='0' ind2='7' tag='650'><subfield code='a'>města</subfield><subfield code='7'>ph115399</subfield><subfield code='z'>Česko</subfield><subfield code='2'>czenas</subfield></datafield><datafield ind1=' ' ind2='7' tag='651'><subfield code='a'>Praha-oblast (Česko)</subfield><subfield code='7'>ge130513</subfield><subfield code='2'>czenas</subfield></datafield><datafield ind1=' ' ind2='7' tag='651'><subfield code='a'>Praha (Česko)</subfield><subfield code='7'>ge118011</subfield><subfield code='2'>czenas</subfield></datafield><datafield ind1=' ' ind2='7' tag='655'><subfield code='a'>plány měst</subfield><subfield code='7'>fd133027</subfield><subfield code='2'>czenas</subfield></datafield><datafield ind1=' ' ind2=' ' tag='KPW'><subfield code='a'>34931</subfield></datafield><datafield ind1=' ' ind2=' ' tag='CAT'><subfield code='c'>20070705</subfield><subfield code='l'>CZU01</subfield><subfield code='h'>0922</subfield></datafield><datafield ind1=' ' ind2=' ' tag='CAT'><subfield code='c'>20080313</subfield><subfield code='l'>CZU01</subfield><subfield code='h'>1519</subfield></datafield><datafield ind1=' ' ind2=' ' tag='CAT'><subfield code='a'>KULHAVA</subfield><subfield code='b'>20</subfield><subfield code='c'>20100825</subfield><subfield code='l'>CZU01</subfield><subfield code='h'>0943</subfield></datafield><datafield ind1=' ' ind2=' ' tag='CAT'><subfield code='a'>KULHAVA</subfield><subfield code='b'>20</subfield><subfield code='c'>20100825</subfield><subfield code='l'>CZU01</subfield><subfield code='h'>0944</subfield></datafield><datafield ind1=' ' ind2=' ' tag='CAT'><subfield code='a'>KULHAVA</subfield><subfield code='b'>20</subfield><subfield code='c'>20110110</subfield><subfield code='l'>CZU01</subfield><subfield code='h'>1229</subfield></datafield><datafield ind1=' ' ind2=' ' tag='CAT'><subfield code='a'>batch</subfield><subfield code='b'>00</subfield><subfield code='c'>20120323</subfield><subfield code='l'>CZU01</subfield><subfield code='h'>1719</subfield></datafield><datafield ind1=' ' ind2=' ' tag='910'><subfield code='a'>ABD026</subfield></datafield><datafield ind1=' ' ind2=' ' tag='SID'><subfield code='a'>Z39</subfield><subfield code='b'>NKC-Z-SN</subfield></datafield><datafield ind1='0' ind2=' ' tag='090'><subfield code='b'>1</subfield></datafield></record>