
<record><leader>00000namZa22ZZZZZZaZ4500</leader><controlfield tag='001'>czu000049780</controlfield><controlfield tag='003'>CZ-PrCZU</controlfield><controlfield tag='005'>20100825094210.0</controlfield><controlfield tag='008'>060330s2005----xr------------------cze--</controlfield><datafield ind1=' ' ind2=' ' tag='020'><subfield code='a'>80-7316-046-3</subfield></datafield><datafield ind1=' ' ind2=' ' tag='040'><subfield code='a'>ABD026</subfield><subfield code='b'>cze</subfield></datafield><datafield ind1='0' ind2='0' tag='245'><subfield code='a'>Autoatlas Česká republika 1 : 100 000 /</subfield></datafield><datafield ind1=' ' ind2=' ' tag='250'><subfield code='a'>3. vyd.</subfield></datafield><datafield ind1=' ' ind2=' ' tag='260'><subfield code='a'>Praha :</subfield><subfield code='b'>Freytag + Berndt,</subfield><subfield code='c'>2005</subfield></datafield><datafield ind1=' ' ind2=' ' tag='300'><subfield code='a'>199 s.</subfield></datafield><datafield ind1=' ' ind2=' ' tag='653'><subfield code='a'>ČESKÁ REPUBLIKA</subfield></datafield><datafield ind1=' ' ind2=' ' tag='653'><subfield code='a'>ATLAS</subfield></datafield><datafield ind1=' ' ind2=' ' tag='KPW'><subfield code='a'>34930</subfield></datafield><datafield ind1=' ' ind2=' ' tag='CAT'><subfield code='c'>20070705</subfield><subfield code='l'>CZU01</subfield><subfield code='h'>0922</subfield></datafield><datafield ind1=' ' ind2=' ' tag='CAT'><subfield code='c'>20080313</subfield><subfield code='l'>CZU01</subfield><subfield code='h'>1519</subfield></datafield><datafield ind1=' ' ind2=' ' tag='CAT'><subfield code='a'>KULHAVA</subfield><subfield code='b'>20</subfield><subfield code='c'>20100825</subfield><subfield code='l'>CZU01</subfield><subfield code='h'>0942</subfield></datafield><datafield ind1=' ' ind2=' ' tag='CAT'><subfield code='a'>batch</subfield><subfield code='b'>00</subfield><subfield code='c'>20120323</subfield><subfield code='l'>CZU01</subfield><subfield code='h'>1719</subfield></datafield><datafield ind1=' ' ind2=' ' tag='910'><subfield code='a'>ABD026</subfield></datafield><datafield ind1='0' ind2=' ' tag='090'><subfield code='b'>1</subfield></datafield></record>