
<record><leader>00000namZa22ZZZZZZaZ4500</leader><controlfield tag='001'>czu000049765</controlfield><controlfield tag='003'>CZ-PrCZU</controlfield><controlfield tag='005'>20110110103531.0</controlfield><controlfield tag='008'>060328s2004----xxk-----------------eng--</controlfield><datafield ind1=' ' ind2=' ' tag='020'><subfield code='a'>3-540-00948-5</subfield></datafield><datafield ind1=' ' ind2=' ' tag='040'><subfield code='a'>ABD026</subfield><subfield code='b'>cze</subfield></datafield><datafield ind1='1' ind2=' ' tag='100'><subfield code='a'>Rashid, Awais</subfield><subfield code='7'>xx0044869</subfield></datafield><datafield ind1='1' ind2='0' tag='245'><subfield code='a'>Aspect - oriented database systems /</subfield><subfield code='c'>Awais Rashid</subfield></datafield><datafield ind1=' ' ind2=' ' tag='250'><subfield code='a'>1. vyd.</subfield></datafield><datafield ind1=' ' ind2=' ' tag='260'><subfield code='a'>London :</subfield><subfield code='b'>SPRINGER,</subfield><subfield code='c'>2004</subfield></datafield><datafield ind1=' ' ind2=' ' tag='300'><subfield code='a'>176 s.</subfield></datafield><datafield ind1=' ' ind2='7' tag='650'><subfield code='a'>databáze</subfield><subfield code='7'>ph114295</subfield><subfield code='2'>czenas</subfield></datafield><datafield ind1=' ' ind2='7' tag='650'><subfield code='a'>operační systémy</subfield><subfield code='7'>ph115593</subfield><subfield code='2'>czenas</subfield></datafield><datafield ind1=' ' ind2=' ' tag='KPW'><subfield code='a'>34915</subfield></datafield><datafield ind1=' ' ind2=' ' tag='CAT'><subfield code='c'>20070705</subfield><subfield code='l'>CZU01</subfield><subfield code='h'>0922</subfield></datafield><datafield ind1=' ' ind2=' ' tag='CAT'><subfield code='c'>20080313</subfield><subfield code='l'>CZU01</subfield><subfield code='h'>1519</subfield></datafield><datafield ind1=' ' ind2=' ' tag='CAT'><subfield code='a'>BATCH</subfield><subfield code='b'>00</subfield><subfield code='c'>20091216</subfield><subfield code='l'>CZU01</subfield><subfield code='h'>1512</subfield></datafield><datafield ind1=' ' ind2=' ' tag='CAT'><subfield code='a'>KULHAVA</subfield><subfield code='b'>20</subfield><subfield code='c'>20110110</subfield><subfield code='l'>CZU01</subfield><subfield code='h'>1035</subfield></datafield><datafield ind1=' ' ind2=' ' tag='CAT'><subfield code='a'>batch</subfield><subfield code='b'>00</subfield><subfield code='c'>20120323</subfield><subfield code='l'>CZU01</subfield><subfield code='h'>1719</subfield></datafield><datafield ind1=' ' ind2=' ' tag='910'><subfield code='a'>ABD026</subfield></datafield><datafield ind1='0' ind2=' ' tag='090'><subfield code='b'>1</subfield></datafield></record>