
<record><leader>00000namZa22ZZZZZZaZ4500</leader><controlfield tag='001'>czu000049764</controlfield><controlfield tag='003'>CZ-PrCZU</controlfield><controlfield tag='005'>20100413130639.0</controlfield><controlfield tag='007'>ta</controlfield><controlfield tag='008'>051011s2005----xr-c---g-d----000-0ccze--</controlfield><datafield ind1=' ' ind2=' ' tag='015'><subfield code='a'>cnb001577291</subfield></datafield><datafield ind1=' ' ind2=' ' tag='020'><subfield code='a'>80-902586-9-7 (váz.)</subfield></datafield><datafield ind1=' ' ind2=' ' tag='035'><subfield code='a'>(OCoLC)85159723</subfield></datafield><datafield ind1=' ' ind2=' ' tag='040'><subfield code='a'>ABA001</subfield><subfield code='b'>cze</subfield><subfield code='d'>ABD026</subfield></datafield><datafield ind1=' ' ind2=' ' tag='043'><subfield code='a'>e-xr---</subfield></datafield><datafield ind1=' ' ind2=' ' tag='045'><subfield code='a'>x-y0</subfield></datafield><datafield ind1=' ' ind2='7' tag='072'><subfield code='a'>929</subfield><subfield code='x'>Biografie</subfield><subfield code='2'>Konspekt</subfield><subfield code='9'>8</subfield></datafield><datafield ind1=' ' ind2=' ' tag='080'><subfield code='a'>929</subfield><subfield code='2'>MRF</subfield></datafield><datafield ind1=' ' ind2=' ' tag='080'><subfield code='a'>(437.3)</subfield><subfield code='2'>MRF</subfield></datafield><datafield ind1=' ' ind2=' ' tag='080'><subfield code='a'>(031)929</subfield><subfield code='2'>MRF</subfield></datafield><datafield ind1='0' ind2='0' tag='245'><subfield code='a'>Kdo je kdo =</subfield><subfield code='b'>Who is who : osobnosti české současnosti : 5000 životopisů /</subfield><subfield code='c'>[Michael Třeštík editor]</subfield></datafield><datafield ind1='3' ind2=' ' tag='246'><subfield code='a'>Osobnosti české současnosti</subfield></datafield><datafield ind1='3' ind2='1' tag='246'><subfield code='a'>Who is who</subfield></datafield><datafield ind1=' ' ind2=' ' tag='250'><subfield code='a'>5. vyd.</subfield></datafield><datafield ind1=' ' ind2=' ' tag='260'><subfield code='a'>Praha :</subfield><subfield code='b'>Agentura Kdo je kdo,</subfield><subfield code='c'>2005</subfield></datafield><datafield ind1=' ' ind2=' ' tag='300'><subfield code='a'>775 s. :</subfield><subfield code='b'>portréty ;</subfield><subfield code='c'>26 cm</subfield></datafield><datafield ind1=' ' ind2='7' tag='648'><subfield code='a'>20.-21. stol.</subfield><subfield code='7'>ch462155</subfield><subfield code='2'>czenas</subfield></datafield><datafield ind1='0' ind2='7' tag='650'><subfield code='a'>osobnosti</subfield><subfield code='7'>ph115615</subfield><subfield code='z'>Česko</subfield><subfield code='y'>20.-21. stol.</subfield><subfield code='2'>czenas</subfield></datafield><datafield ind1='0' ind2='9' tag='650'><subfield code='a'>celebrities</subfield><subfield code='z'>Czech Republic</subfield><subfield code='y'>20th-21st centuries</subfield><subfield code='2'>eczenas</subfield></datafield><datafield ind1=' ' ind2='7' tag='655'><subfield code='a'>biografické slovníky</subfield><subfield code='7'>fd131906</subfield><subfield code='2'>czenas</subfield></datafield><datafield ind1=' ' ind2='9' tag='655'><subfield code='a'>biographical dictionaries</subfield><subfield code='2'>eczenas</subfield></datafield><datafield ind1='1' ind2=' ' tag='700'><subfield code='a'>Třeštík, Michael,</subfield><subfield code='d'>1947-</subfield><subfield code='7'>jn99240001213</subfield><subfield code='4'>edt</subfield><subfield code='4'>pbl</subfield></datafield><datafield ind1=' ' ind2=' ' tag='KPW'><subfield code='a'>34914</subfield></datafield><datafield ind1=' ' ind2=' ' tag='CAT'><subfield code='c'>20070705</subfield><subfield code='l'>CZU01</subfield><subfield code='h'>0922</subfield></datafield><datafield ind1=' ' ind2=' ' tag='CAT'><subfield code='c'>20080313</subfield><subfield code='l'>CZU01</subfield><subfield code='h'>1519</subfield></datafield><datafield ind1=' ' ind2=' ' tag='CAT'><subfield code='a'>KULHAVA</subfield><subfield code='b'>20</subfield><subfield code='c'>20100413</subfield><subfield code='l'>CZU01</subfield><subfield code='h'>1306</subfield></datafield><datafield ind1=' ' ind2=' ' tag='CAT'><subfield code='a'>batch</subfield><subfield code='b'>00</subfield><subfield code='c'>20120323</subfield><subfield code='l'>CZU01</subfield><subfield code='h'>1719</subfield></datafield><datafield ind1=' ' ind2=' ' tag='910'><subfield code='a'>ABD026</subfield></datafield><datafield ind1=' ' ind2=' ' tag='SID'><subfield code='a'>Z39</subfield><subfield code='b'>NKC-Z-SN</subfield></datafield><datafield ind1='0' ind2=' ' tag='090'><subfield code='b'>1</subfield></datafield></record>