
<record><leader>00000namZa22ZZZZZZaZ4500</leader><controlfield tag='001'>czu000049761</controlfield><controlfield tag='003'>CZ-PrCZU</controlfield><controlfield tag='005'>20110110102923.0</controlfield><controlfield tag='008'>060328s1993----xxk-----------------eng--</controlfield><datafield ind1=' ' ind2=' ' tag='020'><subfield code='a'>0-12-629040-7</subfield></datafield><datafield ind1=' ' ind2=' ' tag='040'><subfield code='a'>ABD026</subfield><subfield code='b'>cze</subfield></datafield><datafield ind1='0' ind2='0' tag='245'><subfield code='a'>KADS :</subfield><subfield code='b'>a principled approach to knowledge - based system development /</subfield><subfield code='c'>Guus Schreiber, Bob Wielinga, Joost Breuker (eds.)</subfield></datafield><datafield ind1=' ' ind2=' ' tag='250'><subfield code='a'>1. vyd.</subfield></datafield><datafield ind1=' ' ind2=' ' tag='260'><subfield code='a'>London :</subfield><subfield code='b'>ACADEMIC PRESS,</subfield><subfield code='c'>1993</subfield></datafield><datafield ind1=' ' ind2=' ' tag='300'><subfield code='a'>457 s.</subfield></datafield><datafield ind1=' ' ind2='7' tag='650'><subfield code='a'>metodologie</subfield><subfield code='7'>ph137622</subfield><subfield code='2'>czenas</subfield></datafield><datafield ind1=' ' ind2=' ' tag='KPW'><subfield code='a'>34911</subfield></datafield><datafield ind1=' ' ind2=' ' tag='CAT'><subfield code='c'>20070705</subfield><subfield code='l'>CZU01</subfield><subfield code='h'>0922</subfield></datafield><datafield ind1=' ' ind2=' ' tag='CAT'><subfield code='c'>20080313</subfield><subfield code='l'>CZU01</subfield><subfield code='h'>1519</subfield></datafield><datafield ind1=' ' ind2=' ' tag='CAT'><subfield code='a'>KULHAVA</subfield><subfield code='b'>20</subfield><subfield code='c'>20110110</subfield><subfield code='l'>CZU01</subfield><subfield code='h'>1029</subfield></datafield><datafield ind1=' ' ind2=' ' tag='CAT'><subfield code='a'>batch</subfield><subfield code='b'>00</subfield><subfield code='c'>20120323</subfield><subfield code='l'>CZU01</subfield><subfield code='h'>1719</subfield></datafield><datafield ind1=' ' ind2=' ' tag='910'><subfield code='a'>ABD026</subfield></datafield><datafield ind1='0' ind2=' ' tag='090'><subfield code='b'>1</subfield></datafield></record>