
<record><leader>00000namZa22ZZZZZZaZ4500</leader><controlfield tag='001'>czu000049760</controlfield><controlfield tag='003'>CZ-PrCZU</controlfield><controlfield tag='005'>20130131082436.0</controlfield><controlfield tag='008'>060407s2005----xxk-----------------eng--</controlfield><datafield ind1=' ' ind2=' ' tag='020'><subfield code='a'>0-521-61678-6 (brož.)</subfield></datafield><datafield ind1=' ' ind2=' ' tag='040'><subfield code='a'>ABA013</subfield><subfield code='d'>ABD026</subfield><subfield code='b'>cze</subfield></datafield><datafield ind1=' ' ind2='7' tag='072'><subfield code='a'>004.4/.6</subfield><subfield code='x'>Programové vybavení. Programové prostředky</subfield><subfield code='2'>Konspekt</subfield><subfield code='9'>23</subfield></datafield><datafield ind1=' ' ind2=' ' tag='080'><subfield code='a'>004.432</subfield><subfield code='2'>MRF</subfield></datafield><datafield ind1=' ' ind2=' ' tag='080'><subfield code='a'>004.424</subfield><subfield code='2'>MRF</subfield></datafield><datafield ind1=' ' ind2=' ' tag='080'><subfield code='a'>004.414.23</subfield><subfield code='2'>MRF</subfield></datafield><datafield ind1='1' ind2=' ' tag='100'><subfield code='a'>Ambler, Scott W.,</subfield><subfield code='d'>1966-</subfield><subfield code='7'>xx0012382</subfield><subfield code='4'>aut</subfield></datafield><datafield ind1='1' ind2='4' tag='245'><subfield code='a'>The elements of UML 2.0 style /</subfield><subfield code='c'>Scott W. Ambler</subfield></datafield><datafield ind1=' ' ind2=' ' tag='260'><subfield code='a'>Cambridge :</subfield><subfield code='b'>Cambridge University Press,</subfield><subfield code='c'>2005</subfield></datafield><datafield ind1=' ' ind2=' ' tag='300'><subfield code='a'>xi, 188 s. :</subfield><subfield code='b'>il.</subfield></datafield><datafield ind1=' ' ind2=' ' tag='504'><subfield code='a'>Obsahuje bibliografii a rejstřík</subfield></datafield><datafield ind1='0' ind2='4' tag='630'><subfield code='a'>UML 2.0</subfield></datafield><datafield ind1='0' ind2='4' tag='650'><subfield code='a'>programovací jazyky</subfield><subfield code='x'>vt</subfield><subfield code='2'>psh</subfield></datafield><datafield ind1='0' ind2='4' tag='650'><subfield code='a'>objektově orientované programování</subfield><subfield code='x'>vt</subfield><subfield code='2'>psh</subfield></datafield><datafield ind1='0' ind2='4' tag='650'><subfield code='a'>simulace a modelování</subfield><subfield code='x'>vt</subfield><subfield code='2'>psh</subfield></datafield><datafield ind1=' ' ind2='7' tag='655'><subfield code='a'>monografie</subfield><subfield code='7'>fd132842</subfield><subfield code='2'>czenas</subfield></datafield><datafield ind1=' ' ind2=' ' tag='CAT'><subfield code='c'>20070705</subfield><subfield code='l'>CZU01</subfield><subfield code='h'>0922</subfield></datafield><datafield ind1=' ' ind2=' ' tag='CAT'><subfield code='c'>20080313</subfield><subfield code='l'>CZU01</subfield><subfield code='h'>1519</subfield></datafield><datafield ind1=' ' ind2=' ' tag='CAT'><subfield code='a'>NEMECKOVA</subfield><subfield code='b'>20</subfield><subfield code='c'>20091207</subfield><subfield code='l'>CZU01</subfield><subfield code='h'>1055</subfield></datafield><datafield ind1=' ' ind2=' ' tag='CAT'><subfield code='a'>batch</subfield><subfield code='b'>00</subfield><subfield code='c'>20120323</subfield><subfield code='l'>CZU01</subfield><subfield code='h'>1719</subfield></datafield><datafield ind1=' ' ind2=' ' tag='CAT'><subfield code='a'>KULHAVA</subfield><subfield code='b'>20</subfield><subfield code='c'>20130131</subfield><subfield code='l'>CZU01</subfield><subfield code='h'>0824</subfield></datafield><datafield ind1=' ' ind2=' ' tag='910'><subfield code='a'>ABD026</subfield></datafield><datafield ind1=' ' ind2=' ' tag='SID'><subfield code='a'>Z39</subfield><subfield code='b'>SKC-Z-SN</subfield></datafield><datafield ind1='0' ind2=' ' tag='090'><subfield code='b'>3</subfield></datafield></record>