
<record><leader>00000namZa22ZZZZZZaZ4500</leader><controlfield tag='001'>czu000049668</controlfield><controlfield tag='003'>CZ-PrCZU</controlfield><controlfield tag='005'>20090811090039.0</controlfield><controlfield tag='007'>ta</controlfield><controlfield tag='008'>041223s2006----xr-ac--f-f----001-0-cze--</controlfield><datafield ind1=' ' ind2=' ' tag='020'><subfield code='a'>80-247-1278-4 (váz.)</subfield></datafield><datafield ind1=' ' ind2=' ' tag='040'><subfield code='a'>ABA001</subfield><subfield code='b'>cze</subfield><subfield code='d'>ABD026</subfield></datafield><datafield ind1=' ' ind2='7' tag='072'><subfield code='a'>004</subfield><subfield code='x'>Počítačová věda. Výpočetní technika. Informační technologie</subfield><subfield code='2'>Konspekt</subfield><subfield code='9'>23</subfield></datafield><datafield ind1=' ' ind2=' ' tag='080'><subfield code='a'>658</subfield><subfield code='2'>MRF</subfield></datafield><datafield ind1=' ' ind2=' ' tag='080'><subfield code='a'>007+004</subfield><subfield code='2'>MRF</subfield></datafield><datafield ind1=' ' ind2=' ' tag='080'><subfield code='a'>[007+004]:658</subfield><subfield code='2'>MRF</subfield></datafield><datafield ind1=' ' ind2=' ' tag='080'><subfield code='a'>004</subfield><subfield code='2'>MRF</subfield></datafield><datafield ind1=' ' ind2=' ' tag='080'><subfield code='a'>(035)</subfield><subfield code='2'>MRF</subfield></datafield><datafield ind1='1' ind2=' ' tag='100'><subfield code='a'>Gála, Libor,</subfield><subfield code='d'>1965-</subfield><subfield code='7'>mzk2005318032</subfield><subfield code='4'>aut</subfield></datafield><datafield ind1='1' ind2='0' tag='245'><subfield code='a'>Podniková informatika :</subfield><subfield code='b'>počítačové aplikace v podnikové a mezipodnikové praxi, technologie informačních systémů, řízení a rozvoj podnikové informatiky /</subfield><subfield code='c'>Libor Gála, Jan Pour, Prokop Toman</subfield></datafield><datafield ind1=' ' ind2=' ' tag='250'><subfield code='a'>1. vyd.</subfield></datafield><datafield ind1=' ' ind2=' ' tag='260'><subfield code='a'>Praha :</subfield><subfield code='b'>Grada,</subfield><subfield code='c'>2006</subfield></datafield><datafield ind1=' ' ind2=' ' tag='300'><subfield code='a'>482 s. :</subfield><subfield code='b'>il., portréty ;</subfield><subfield code='c'>25 cm</subfield></datafield><datafield ind1='1' ind2=' ' tag='490'><subfield code='a'>Management v informační společnosti</subfield></datafield><datafield ind1='1' ind2=' ' tag='490'><subfield code='a'>Expert</subfield></datafield><datafield ind1=' ' ind2=' ' tag='500'><subfield code='a'>Terminologický slovník</subfield></datafield><datafield ind1=' ' ind2=' ' tag='500'><subfield code='a'>Pod názvem: Česká společnost pro systémovou integraci</subfield></datafield><datafield ind1=' ' ind2=' ' tag='504'><subfield code='a'>Obsahuje bibliografii, bibliografické odkazy a rejstřík</subfield></datafield><datafield ind1=' ' ind2=' ' tag='653'><subfield code='a'>INFORMATIKA</subfield></datafield><datafield ind1='0' ind2='7' tag='650'><subfield code='a'>podnikový management</subfield><subfield code='7'>ph115763</subfield><subfield code='2'>czenas</subfield></datafield><datafield ind1='0' ind2='7' tag='650'><subfield code='a'>informatika</subfield><subfield code='7'>ph137095</subfield><subfield code='2'>czenas</subfield></datafield><datafield ind1='0' ind2='7' tag='650'><subfield code='a'>podnikové informační systémy</subfield><subfield code='7'>ph121104</subfield><subfield code='2'>czenas</subfield></datafield><datafield ind1='0' ind2='7' tag='650'><subfield code='a'>informační technologie</subfield><subfield code='7'>ph121106</subfield><subfield code='2'>czenas</subfield></datafield><datafield ind1='0' ind2='7' tag='650'><subfield code='a'>výpočetní technika</subfield><subfield code='7'>ph137273</subfield><subfield code='2'>czenas</subfield></datafield><datafield ind1='0' ind2='9' tag='650'><subfield code='a'>industrial management</subfield><subfield code='2'>eczenas</subfield></datafield><datafield ind1='0' ind2='9' tag='650'><subfield code='a'>informatics</subfield><subfield code='2'>eczenas</subfield></datafield><datafield ind1='0' ind2='9' tag='650'><subfield code='a'>management information systems</subfield><subfield code='2'>eczenas</subfield></datafield><datafield ind1='0' ind2='9' tag='650'><subfield code='a'>information technology</subfield><subfield code='2'>eczenas</subfield></datafield><datafield ind1='0' ind2='9' tag='650'><subfield code='a'>computer technology</subfield><subfield code='2'>eczenas</subfield></datafield><datafield ind1=' ' ind2='7' tag='655'><subfield code='a'>příručky</subfield><subfield code='7'>fd133209</subfield><subfield code='2'>czenas</subfield></datafield><datafield ind1=' ' ind2='9' tag='655'><subfield code='a'>handbooks, manuals, etc</subfield><subfield code='2'>eczenas</subfield></datafield><datafield ind1='1' ind2=' ' tag='700'><subfield code='a'>Pour, Jan</subfield><subfield code='7'>jn20001103448</subfield><subfield code='4'>aut</subfield></datafield><datafield ind1='1' ind2=' ' tag='700'><subfield code='a'>Toman, Prokop,</subfield><subfield code='d'>1942-</subfield><subfield code='7'>jn20010309758</subfield><subfield code='4'>aut</subfield></datafield><datafield ind1='2' ind2=' ' tag='710'><subfield code='a'>Česká společnost pro systémovou integraci</subfield><subfield code='7'>ko2002100958</subfield></datafield><datafield ind1=' ' ind2='0' tag='830'><subfield code='a'>Management v informační společnosti</subfield></datafield><datafield ind1=' ' ind2='0' tag='830'><subfield code='a'>Expert (Grada)</subfield></datafield><datafield ind1=' ' ind2=' ' tag='KPW'><subfield code='a'>34792</subfield></datafield><datafield ind1=' ' ind2=' ' tag='CAT'><subfield code='c'>20070705</subfield><subfield code='l'>CZU01</subfield><subfield code='h'>0922</subfield></datafield><datafield ind1=' ' ind2=' ' tag='CAT'><subfield code='c'>20080313</subfield><subfield code='l'>CZU01</subfield><subfield code='h'>1519</subfield></datafield><datafield ind1=' ' ind2=' ' tag='CAT'><subfield code='a'>BATELKOVA</subfield><subfield code='b'>20</subfield><subfield code='c'>20081127</subfield><subfield code='l'>CZU01</subfield><subfield code='h'>1155</subfield></datafield><datafield ind1=' ' ind2=' ' tag='CAT'><subfield code='a'>BATELKOVA</subfield><subfield code='b'>20</subfield><subfield code='c'>20081127</subfield><subfield code='l'>CZU01</subfield><subfield code='h'>1156</subfield></datafield><datafield ind1=' ' ind2=' ' tag='CAT'><subfield code='a'>CZUADMIN</subfield><subfield code='b'>20</subfield><subfield code='c'>20090507</subfield><subfield code='l'>CZU01</subfield><subfield code='h'>1406</subfield></datafield><datafield ind1=' ' ind2=' ' tag='CAT'><subfield code='a'>BATELKOVA</subfield><subfield code='b'>20</subfield><subfield code='c'>20090811</subfield><subfield code='l'>CZU01</subfield><subfield code='h'>0900</subfield></datafield><datafield ind1=' ' ind2=' ' tag='CAT'><subfield code='c'>20090811</subfield><subfield code='l'>CZU01</subfield><subfield code='h'>0901</subfield></datafield><datafield ind1=' ' ind2=' ' tag='CAT'><subfield code='c'>20090811</subfield><subfield code='l'>CZU01</subfield><subfield code='h'>0901</subfield></datafield><datafield ind1=' ' ind2=' ' tag='CAT'><subfield code='c'>20091215</subfield><subfield code='l'>CZU01</subfield><subfield code='h'>1325</subfield></datafield><datafield ind1=' ' ind2=' ' tag='CAT'><subfield code='a'>batch</subfield><subfield code='b'>00</subfield><subfield code='c'>20120323</subfield><subfield code='l'>CZU01</subfield><subfield code='h'>1719</subfield></datafield><datafield ind1=' ' ind2=' ' tag='DPD'><subfield code='a'>Doporučená</subfield></datafield><datafield ind1=' ' ind2=' ' tag='910'><subfield code='a'>ABD026</subfield></datafield><datafield ind1=' ' ind2=' ' tag='SID'><subfield code='a'>Z39</subfield><subfield code='b'>SKC-Z</subfield></datafield><datafield ind1='0' ind2=' ' tag='090'><subfield code='b'>2</subfield></datafield></record>