
<record><leader>00000namZa22ZZZZZZaZ4500</leader><controlfield tag='001'>czu000049509</controlfield><controlfield tag='003'>CZ-PrCZU</controlfield><controlfield tag='005'>20110106140818.0</controlfield><controlfield tag='008'>060127s2001----gw------------------eng--</controlfield><datafield ind1=' ' ind2=' ' tag='020'><subfield code='a'>3-540-42204-8</subfield></datafield><datafield ind1=' ' ind2=' ' tag='040'><subfield code='a'>ABD026</subfield><subfield code='b'>cze</subfield></datafield><datafield ind1='1' ind2=' ' tag='100'><subfield code='a'>Tettamanzi, Andrea,</subfield><subfield code='d'>1966-</subfield><subfield code='7'>xx0043453</subfield></datafield><datafield ind1='1' ind2='0' tag='245'><subfield code='a'>Soft computing :</subfield><subfield code='b'>integrating evolutionary, neural, and fuzzy systems /</subfield><subfield code='c'>Andrea Tettamanzi, Marco Tomassini</subfield></datafield><datafield ind1=' ' ind2=' ' tag='250'><subfield code='a'>1.vyd.</subfield></datafield><datafield ind1=' ' ind2=' ' tag='260'><subfield code='a'>Berlin :</subfield><subfield code='b'>SPRINGER,</subfield><subfield code='c'>2001</subfield></datafield><datafield ind1=' ' ind2=' ' tag='300'><subfield code='a'>328 s.</subfield></datafield><datafield ind1=' ' ind2='7' tag='650'><subfield code='a'>počítače</subfield><subfield code='7'>ph115859</subfield><subfield code='2'>czenas</subfield></datafield><datafield ind1='1' ind2=' ' tag='700'><subfield code='a'>Tomassini, Marco</subfield></datafield><datafield ind1=' ' ind2=' ' tag='KPW'><subfield code='a'>34619</subfield></datafield><datafield ind1=' ' ind2=' ' tag='CAT'><subfield code='c'>20070705</subfield><subfield code='l'>CZU01</subfield><subfield code='h'>0922</subfield></datafield><datafield ind1=' ' ind2=' ' tag='CAT'><subfield code='c'>20080313</subfield><subfield code='l'>CZU01</subfield><subfield code='h'>1519</subfield></datafield><datafield ind1=' ' ind2=' ' tag='CAT'><subfield code='a'>BATCH-UPD</subfield><subfield code='b'>00</subfield><subfield code='c'>20091216</subfield><subfield code='l'>CZU01</subfield><subfield code='h'>1126</subfield></datafield><datafield ind1=' ' ind2=' ' tag='CAT'><subfield code='a'>BATCH</subfield><subfield code='b'>00</subfield><subfield code='c'>20091216</subfield><subfield code='l'>CZU01</subfield><subfield code='h'>1512</subfield></datafield><datafield ind1=' ' ind2=' ' tag='CAT'><subfield code='a'>KULHAVA</subfield><subfield code='b'>20</subfield><subfield code='c'>20110106</subfield><subfield code='l'>CZU01</subfield><subfield code='h'>1408</subfield></datafield><datafield ind1=' ' ind2=' ' tag='CAT'><subfield code='a'>batch</subfield><subfield code='b'>00</subfield><subfield code='c'>20120323</subfield><subfield code='l'>CZU01</subfield><subfield code='h'>1719</subfield></datafield><datafield ind1=' ' ind2=' ' tag='910'><subfield code='a'>ABD026</subfield></datafield><datafield ind1='0' ind2=' ' tag='090'><subfield code='b'>1</subfield></datafield></record>