
<record><leader>00000namZa22ZZZZZZaZ4500</leader><controlfield tag='001'>czu000049295</controlfield><controlfield tag='003'>CZ-PrCZU</controlfield><controlfield tag='005'>20110117092539.0</controlfield><controlfield tag='008'>051122s2004----xxu-----------------eng--</controlfield><datafield ind1=' ' ind2=' ' tag='020'><subfield code='a'>0321193687 (pbk. : alk. paper)</subfield></datafield><datafield ind1=' ' ind2=' ' tag='035'><subfield code='a'>(OCoLC)ocm52631384</subfield></datafield><datafield ind1=' ' ind2=' ' tag='040'><subfield code='a'>DLC</subfield><subfield code='c'>DLC</subfield><subfield code='d'>YDX</subfield><subfield code='d'>OCL</subfield><subfield code='d'>BAKER</subfield><subfield code='d'>NLGGC</subfield><subfield code='d'>UBA</subfield><subfield code='d'>DLC</subfield><subfield code='d'>ABD026</subfield></datafield><datafield ind1=' ' ind2=' ' tag='042'><subfield code='a'>pcc</subfield></datafield><datafield ind1='0' ind2='0' tag='050'><subfield code='a'>QA76.9.O35</subfield><subfield code='b'>F695 2004</subfield></datafield><datafield ind1='1' ind2=' ' tag='100'><subfield code='a'>Fowler, Martin,</subfield><subfield code='d'>1963-</subfield></datafield><datafield ind1='1' ind2='0' tag='245'><subfield code='a'>UML distilled :</subfield><subfield code='b'>a brief guide to the standard object modeling language /</subfield><subfield code='c'>Martin Fowler.</subfield></datafield><datafield ind1=' ' ind2=' ' tag='250'><subfield code='a'>3rd ed.</subfield></datafield><datafield ind1=' ' ind2=' ' tag='260'><subfield code='a'>Boston :</subfield><subfield code='b'>Addison-Wesley,</subfield><subfield code='c'>c2004.</subfield></datafield><datafield ind1=' ' ind2=' ' tag='300'><subfield code='a'>xxx, 175 p. :</subfield><subfield code='b'>ill. ;</subfield><subfield code='c'>24 cm.</subfield></datafield><datafield ind1=' ' ind2=' ' tag='504'><subfield code='a'>Includes bibliographical references (p. 161-165) and index.</subfield></datafield><datafield ind1=' ' ind2='0' tag='650'><subfield code='a'>Object-oriented methods (Computer science)</subfield></datafield><datafield ind1=' ' ind2='0' tag='650'><subfield code='a'>Computer software</subfield><subfield code='x'>Development.</subfield></datafield><datafield ind1=' ' ind2='0' tag='650'><subfield code='a'>UML (Computer science)</subfield></datafield><datafield ind1=' ' ind2=' ' tag='KPW'><subfield code='a'>34360</subfield></datafield><datafield ind1=' ' ind2=' ' tag='CAT'><subfield code='c'>20070705</subfield><subfield code='l'>CZU01</subfield><subfield code='h'>0922</subfield></datafield><datafield ind1=' ' ind2=' ' tag='CAT'><subfield code='c'>20080313</subfield><subfield code='l'>CZU01</subfield><subfield code='h'>1518</subfield></datafield><datafield ind1=' ' ind2=' ' tag='CAT'><subfield code='a'>BATCH</subfield><subfield code='b'>00</subfield><subfield code='c'>20091216</subfield><subfield code='l'>CZU01</subfield><subfield code='h'>1511</subfield></datafield><datafield ind1=' ' ind2=' ' tag='CAT'><subfield code='a'>KULHAVA</subfield><subfield code='b'>20</subfield><subfield code='c'>20110117</subfield><subfield code='l'>CZU01</subfield><subfield code='h'>0925</subfield></datafield><datafield ind1=' ' ind2=' ' tag='CAT'><subfield code='a'>batch</subfield><subfield code='b'>00</subfield><subfield code='c'>20120323</subfield><subfield code='l'>CZU01</subfield><subfield code='h'>1719</subfield></datafield><datafield ind1=' ' ind2=' ' tag='910'><subfield code='a'>ABD026</subfield></datafield><datafield ind1=' ' ind2=' ' tag='SID'><subfield code='a'>Z39</subfield><subfield code='b'>LOC</subfield></datafield><datafield ind1='0' ind2=' ' tag='090'><subfield code='b'>2</subfield></datafield></record>