
<record><leader>00000namZa22ZZZZZZaZ4500</leader><controlfield tag='001'>czu000049293</controlfield><controlfield tag='003'>CZ-PrCZU</controlfield><controlfield tag='005'>20091009123809.0</controlfield><controlfield tag='007'>tu</controlfield><controlfield tag='008'>970217s1996----xr-ac--e------001-0-cze--</controlfield><datafield ind1=' ' ind2=' ' tag='020'><subfield code='a'>80-85885-96-4 (brož.)</subfield></datafield><datafield ind1=' ' ind2=' ' tag='035'><subfield code='a'>(OCoLC)37391292</subfield></datafield><datafield ind1=' ' ind2=' ' tag='040'><subfield code='a'>ABA001</subfield><subfield code='b'>cze</subfield><subfield code='d'>ABD026</subfield></datafield><datafield ind1=' ' ind2='7' tag='072'><subfield code='a'>81</subfield><subfield code='x'>Lingvistika. Jazyky</subfield><subfield code='2'>Konspekt</subfield><subfield code='9'>11</subfield></datafield><datafield ind1=' ' ind2=' ' tag='080'><subfield code='a'>81&apos;1(091)</subfield><subfield code='2'>MRF</subfield></datafield><datafield ind1=' ' ind2=' ' tag='080'><subfield code='a'>(048.8)</subfield><subfield code='2'>MRF</subfield></datafield><datafield ind1='1' ind2=' ' tag='100'><subfield code='a'>Černý, Jiří,</subfield><subfield code='d'>1936 ún. 29.-</subfield><subfield code='7'>jn19981002635</subfield><subfield code='4'>aut</subfield></datafield><datafield ind1='1' ind2='0' tag='245'><subfield code='a'>Dějiny lingvistiky /</subfield><subfield code='c'>Jiří Černý</subfield></datafield><datafield ind1=' ' ind2=' ' tag='250'><subfield code='a'>1. soubor. vyd.</subfield></datafield><datafield ind1=' ' ind2=' ' tag='260'><subfield code='a'>Olomouc :</subfield><subfield code='b'>Votobia,</subfield><subfield code='c'>1996</subfield></datafield><datafield ind1=' ' ind2=' ' tag='300'><subfield code='a'>517 s. :</subfield><subfield code='b'>il., portréty ;</subfield><subfield code='c'>23 cm</subfield></datafield><datafield ind1=' ' ind2=' ' tag='500'><subfield code='a'>Tab.</subfield></datafield><datafield ind1=' ' ind2=' ' tag='500'><subfield code='a'>Souběž. angl. obsah</subfield></datafield><datafield ind1=' ' ind2=' ' tag='504'><subfield code='a'>Jmenný a věcný rejstřík</subfield></datafield><datafield ind1=' ' ind2=' ' tag='504'><subfield code='a'>Bibliogr.</subfield></datafield><datafield ind1='0' ind2='7' tag='650'><subfield code='a'>dějiny lingvistiky</subfield><subfield code='7'>ph202896</subfield><subfield code='2'>czenas</subfield></datafield><datafield ind1='0' ind2='9' tag='650'><subfield code='a'>history of linguistics</subfield><subfield code='2'>eczenas</subfield></datafield><datafield ind1=' ' ind2='7' tag='655'><subfield code='a'>studie</subfield><subfield code='7'>fd133597</subfield><subfield code='2'>czenas</subfield></datafield><datafield ind1=' ' ind2='9' tag='655'><subfield code='a'>studies</subfield><subfield code='2'>eczenas</subfield></datafield><datafield ind1=' ' ind2=' ' tag='KPW'><subfield code='a'>34358</subfield></datafield><datafield ind1=' ' ind2=' ' tag='CAT'><subfield code='c'>20070705</subfield><subfield code='l'>CZU01</subfield><subfield code='h'>0922</subfield></datafield><datafield ind1=' ' ind2=' ' tag='CAT'><subfield code='c'>20080313</subfield><subfield code='l'>CZU01</subfield><subfield code='h'>1518</subfield></datafield><datafield ind1=' ' ind2=' ' tag='CAT'><subfield code='a'>KULHAVA</subfield><subfield code='b'>20</subfield><subfield code='c'>20091009</subfield><subfield code='l'>CZU01</subfield><subfield code='h'>1238</subfield></datafield><datafield ind1=' ' ind2=' ' tag='CAT'><subfield code='a'>BATCH-UPD</subfield><subfield code='b'>20</subfield><subfield code='c'>20100720</subfield><subfield code='l'>CZU01</subfield><subfield code='h'>2200</subfield></datafield><datafield ind1=' ' ind2=' ' tag='CAT'><subfield code='a'>batch</subfield><subfield code='b'>00</subfield><subfield code='c'>20120323</subfield><subfield code='l'>CZU01</subfield><subfield code='h'>1719</subfield></datafield><datafield ind1=' ' ind2=' ' tag='910'><subfield code='a'>ABD026</subfield></datafield><datafield ind1=' ' ind2=' ' tag='SID'><subfield code='a'>Z39</subfield><subfield code='b'>NKC-Z-SN</subfield></datafield><datafield ind1='0' ind2=' ' tag='090'><subfield code='b'>1</subfield></datafield></record>