
<record><leader>00000namZa22ZZZZZZaZ4500</leader><controlfield tag='001'>czu000049292</controlfield><controlfield tag='003'>CZ-PrCZU</controlfield><controlfield tag='005'>20140521105028.0</controlfield><controlfield tag='007'>ta</controlfield><controlfield tag='008'>041019s2004----xr-----e------000-0-cze--</controlfield><datafield ind1=' ' ind2=' ' tag='015'><subfield code='a'>cnb001448073</subfield></datafield><datafield ind1=' ' ind2=' ' tag='020'><subfield code='a'>80-7178-845-7 (brož.) :</subfield><subfield code='c'>Kč 275,00</subfield></datafield><datafield ind1=' ' ind2=' ' tag='035'><subfield code='a'>(OCoLC)85121898</subfield></datafield><datafield ind1=' ' ind2=' ' tag='040'><subfield code='a'>ABA001</subfield><subfield code='b'>cze</subfield><subfield code='d'>ABD026</subfield></datafield><datafield ind1='1' ind2=' ' tag='041'><subfield code='a'>cze</subfield><subfield code='h'>ger</subfield></datafield><datafield ind1=' ' ind2='7' tag='072'><subfield code='a'>159.96</subfield><subfield code='x'>Zvláštní duševní stavy a procesy</subfield><subfield code='2'>Konspekt</subfield><subfield code='9'>17</subfield></datafield><datafield ind1=' ' ind2=' ' tag='080'><subfield code='a'>159.964.26:159.954.3</subfield><subfield code='2'>MRF</subfield></datafield><datafield ind1=' ' ind2=' ' tag='080'><subfield code='a'>159.964.26</subfield><subfield code='2'>MRF</subfield></datafield><datafield ind1=' ' ind2=' ' tag='080'><subfield code='a'>615.851</subfield><subfield code='2'>MRF</subfield></datafield><datafield ind1=' ' ind2=' ' tag='080'><subfield code='a'>(0.062)</subfield><subfield code='2'>MRF</subfield></datafield><datafield ind1='1' ind2=' ' tag='100'><subfield code='a'>Seifert, Ang Lee</subfield><subfield code='7'>mzk2004265175</subfield><subfield code='4'>aut</subfield></datafield><datafield ind1='1' ind2='0' tag='245'><subfield code='a'>Aktivní imaginace :</subfield><subfield code='b'>práce s fantazijními obrazy a jejich vnitřní energií /</subfield><subfield code='c'>A.L. Seifert, T. Seifert, Paul Schmidt ; [z německého originálu ... přeložila Markéta Laňová]</subfield></datafield><datafield ind1=' ' ind2=' ' tag='250'><subfield code='a'>Vyd. 1.</subfield></datafield><datafield ind1=' ' ind2=' ' tag='300'><subfield code='a'>204 s. ;</subfield><subfield code='c'>21 cm</subfield></datafield><datafield ind1='1' ind2=' ' tag='490'><subfield code='a'>Spektrum</subfield></datafield><datafield ind1=' ' ind2=' ' tag='504'><subfield code='a'>Obsahuje bibliografii a bibliografické odkazy</subfield></datafield><datafield ind1='0' ind2='7' tag='650'><subfield code='a'>aktivní imaginace</subfield><subfield code='7'>ph276824</subfield><subfield code='2'>czenas</subfield></datafield><datafield ind1='0' ind2='7' tag='650'><subfield code='a'>analytická psychologie</subfield><subfield code='7'>ph114038</subfield><subfield code='2'>czenas</subfield></datafield><datafield ind1='0' ind2='7' tag='650'><subfield code='a'>psychoterapie</subfield><subfield code='7'>ph115954</subfield><subfield code='2'>czenas</subfield></datafield><datafield ind1='0' ind2='9' tag='650'><subfield code='a'>active imagination</subfield><subfield code='2'>eczenas</subfield></datafield><datafield ind1='0' ind2='9' tag='650'><subfield code='a'>jungian psychology</subfield><subfield code='2'>eczenas</subfield></datafield><datafield ind1='0' ind2='9' tag='650'><subfield code='a'>psychotherapy</subfield><subfield code='2'>eczenas</subfield></datafield><datafield ind1=' ' ind2='7' tag='655'><subfield code='a'>populárně-naučné publikace</subfield><subfield code='7'>fd131864</subfield><subfield code='2'>czenas</subfield></datafield><datafield ind1=' ' ind2='9' tag='655'><subfield code='a'>popular works</subfield><subfield code='2'>eczenas</subfield></datafield><datafield ind1='1' ind2=' ' tag='700'><subfield code='a'>Seifert, Theodor,</subfield><subfield code='d'>1931-</subfield><subfield code='7'>mzk2004265176</subfield><subfield code='4'>aut</subfield></datafield><datafield ind1='1' ind2=' ' tag='700'><subfield code='a'>Schmidt, Paul</subfield><subfield code='7'>mzk2004265177</subfield><subfield code='4'>aut</subfield></datafield><datafield ind1='0' ind2=' ' tag='765'><subfield code='t'>Energie der Seele folgen</subfield><subfield code='9'>Česky</subfield></datafield><datafield ind1=' ' ind2='0' tag='830'><subfield code='a'>Spektrum (Portál)</subfield></datafield><datafield ind1=' ' ind2=' ' tag='KPW'><subfield code='a'>34357</subfield></datafield><datafield ind1=' ' ind2=' ' tag='CAT'><subfield code='c'>20070705</subfield><subfield code='l'>CZU01</subfield><subfield code='h'>0922</subfield></datafield><datafield ind1=' ' ind2=' ' tag='CAT'><subfield code='c'>20080313</subfield><subfield code='l'>CZU01</subfield><subfield code='h'>1518</subfield></datafield><datafield ind1=' ' ind2=' ' tag='CAT'><subfield code='a'>BATCH</subfield><subfield code='b'>00</subfield><subfield code='c'>20091216</subfield><subfield code='l'>CZU01</subfield><subfield code='h'>1511</subfield></datafield><datafield ind1=' ' ind2=' ' tag='CAT'><subfield code='a'>batch</subfield><subfield code='b'>00</subfield><subfield code='c'>20120323</subfield><subfield code='l'>CZU01</subfield><subfield code='h'>1719</subfield></datafield><datafield ind1=' ' ind2=' ' tag='CAT'><subfield code='a'>KULHAVA</subfield><subfield code='b'>20</subfield><subfield code='c'>20140521</subfield><subfield code='l'>CZU01</subfield><subfield code='h'>1050</subfield></datafield><datafield ind1=' ' ind2=' ' tag='910'><subfield code='a'>ABD026</subfield></datafield><datafield ind1=' ' ind2=' ' tag='SID'><subfield code='a'>Z39</subfield><subfield code='b'>JIB-Z-SN</subfield></datafield><datafield ind1='0' ind2=' ' tag='090'><subfield code='b'>1</subfield></datafield></record>