
<record><leader>00000namZa22ZZZZZZaZ4500</leader><controlfield tag='001'>czu000049291</controlfield><controlfield tag='003'>CZ-PrCZU</controlfield><controlfield tag='005'>20120627104508.0</controlfield><controlfield tag='007'>tu</controlfield><controlfield tag='008'>021202s2002----xr-----e------001-0-cze--</controlfield><datafield ind1=' ' ind2=' ' tag='015'><subfield code='a'>cnb001188679</subfield></datafield><datafield ind1=' ' ind2=' ' tag='020'><subfield code='a'>80-204-0959-9 (brož.)</subfield></datafield><datafield ind1=' ' ind2=' ' tag='035'><subfield code='a'>(OCoLC)53270042</subfield></datafield><datafield ind1=' ' ind2=' ' tag='040'><subfield code='a'>ABA001</subfield><subfield code='b'>cze</subfield><subfield code='d'>ABD026</subfield></datafield><datafield ind1='1' ind2=' ' tag='041'><subfield code='a'>cze</subfield><subfield code='h'>ita</subfield></datafield><datafield ind1=' ' ind2='7' tag='072'><subfield code='a'>82</subfield><subfield code='x'>Literatura. Literární život</subfield><subfield code='2'>Konspekt</subfield><subfield code='9'>11</subfield></datafield><datafield ind1=' ' ind2=' ' tag='080'><subfield code='a'>003.2/.6</subfield><subfield code='2'>MRF</subfield></datafield><datafield ind1=' ' ind2=' ' tag='080'><subfield code='a'>82.07</subfield><subfield code='2'>MRF</subfield></datafield><datafield ind1=' ' ind2=' ' tag='080'><subfield code='a'>7.072/.073</subfield><subfield code='2'>MRF</subfield></datafield><datafield ind1=' ' ind2=' ' tag='080'><subfield code='a'>801.73</subfield><subfield code='2'>MRF</subfield></datafield><datafield ind1=' ' ind2=' ' tag='080'><subfield code='a'>(0:82-4)</subfield><subfield code='2'>MRF</subfield></datafield><datafield ind1=' ' ind2=' ' tag='080'><subfield code='a'>(081)</subfield><subfield code='2'>MRF</subfield></datafield><datafield ind1='1' ind2=' ' tag='100'><subfield code='a'>Eco, Umberto,</subfield><subfield code='d'>1932-</subfield><subfield code='7'>jn19990001971</subfield><subfield code='4'>aut</subfield></datafield><datafield ind1='1' ind2='0' tag='245'><subfield code='a'>O zrcadlech a jiné eseje :</subfield><subfield code='b'>znak, reprezentace, iluze, obraz /</subfield><subfield code='c'>Umberto Eco ; přeložili Vladimír Mikeš a Veronika Valentová</subfield></datafield><datafield ind1=' ' ind2=' ' tag='250'><subfield code='a'>1. vyd.</subfield></datafield><datafield ind1=' ' ind2=' ' tag='260'><subfield code='a'>Praha :</subfield><subfield code='b'>Mladá fronta,</subfield><subfield code='c'>2002</subfield></datafield><datafield ind1=' ' ind2=' ' tag='300'><subfield code='a'>443 s. ;</subfield><subfield code='c'>18 cm</subfield></datafield><datafield ind1='1' ind2=' ' tag='490'><subfield code='a'>Myšlenky ;</subfield><subfield code='v'>sv. 8</subfield></datafield><datafield ind1=' ' ind2=' ' tag='500'><subfield code='a'>Přeloženo z italštiny</subfield></datafield><datafield ind1='0' ind2='7' tag='650'><subfield code='a'>sémiotika</subfield><subfield code='7'>ph126388</subfield><subfield code='2'>czenas</subfield></datafield><datafield ind1='0' ind2='7' tag='650'><subfield code='a'>vnímání literárního díla</subfield><subfield code='7'>ph274709</subfield><subfield code='2'>czenas</subfield></datafield><datafield ind1='0' ind2='7' tag='650'><subfield code='a'>vnímání uměleckého díla</subfield><subfield code='7'>ph162887</subfield><subfield code='2'>czenas</subfield></datafield><datafield ind1='0' ind2='7' tag='650'><subfield code='a'>hermeneutika</subfield><subfield code='7'>ph120687</subfield><subfield code='2'>czenas</subfield></datafield><datafield ind1='0' ind2='9' tag='650'><subfield code='a'>semiotics</subfield><subfield code='2'>eczenas</subfield></datafield><datafield ind1='0' ind2='9' tag='650'><subfield code='a'>perception of literature</subfield><subfield code='2'>eczenas</subfield></datafield><datafield ind1='0' ind2='9' tag='650'><subfield code='a'>perception of art</subfield><subfield code='2'>eczenas</subfield></datafield><datafield ind1='0' ind2='9' tag='650'><subfield code='a'>hermeneutics</subfield><subfield code='2'>eczenas</subfield></datafield><datafield ind1=' ' ind2='7' tag='655'><subfield code='a'>sborníky</subfield><subfield code='7'>fd163935</subfield><subfield code='2'>czenas</subfield></datafield><datafield ind1=' ' ind2='7' tag='655'><subfield code='a'>eseje</subfield><subfield code='7'>fd132213</subfield><subfield code='2'>czenas</subfield></datafield><datafield ind1=' ' ind2='9' tag='655'><subfield code='a'>collections of works</subfield><subfield code='2'>eczenas</subfield></datafield><datafield ind1=' ' ind2='9' tag='655'><subfield code='a'>essays</subfield><subfield code='2'>eczenas</subfield></datafield><datafield ind1='1' ind2=' ' tag='700'><subfield code='a'>Mikeš, Vladimír,</subfield><subfield code='d'>1927-</subfield><subfield code='7'>jk01081539</subfield><subfield code='4'>trl</subfield></datafield><datafield ind1='1' ind2=' ' tag='700'><subfield code='a'>Valentová, Veronika,</subfield><subfield code='d'>1974-</subfield><subfield code='7'>xx0041842</subfield><subfield code='4'>trl</subfield></datafield><datafield ind1='0' ind2=' ' tag='765'><subfield code='t'>Sugli specchi e altri saggi</subfield><subfield code='9'>Česky</subfield></datafield><datafield ind1=' ' ind2='0' tag='830'><subfield code='a'>Myšlenky (Mladá fronta)</subfield></datafield><datafield ind1=' ' ind2=' ' tag='KPW'><subfield code='a'>34356</subfield></datafield><datafield ind1=' ' ind2=' ' tag='CAT'><subfield code='c'>20070705</subfield><subfield code='l'>CZU01</subfield><subfield code='h'>0922</subfield></datafield><datafield ind1=' ' ind2=' ' tag='CAT'><subfield code='c'>20080313</subfield><subfield code='l'>CZU01</subfield><subfield code='h'>1518</subfield></datafield><datafield ind1=' ' ind2=' ' tag='CAT'><subfield code='a'>BATCH</subfield><subfield code='b'>00</subfield><subfield code='c'>20091216</subfield><subfield code='l'>CZU01</subfield><subfield code='h'>1511</subfield></datafield><datafield ind1=' ' ind2=' ' tag='CAT'><subfield code='a'>batch</subfield><subfield code='b'>00</subfield><subfield code='c'>20120323</subfield><subfield code='l'>CZU01</subfield><subfield code='h'>1719</subfield></datafield><datafield ind1=' ' ind2=' ' tag='CAT'><subfield code='a'>KULHAVA</subfield><subfield code='b'>20</subfield><subfield code='c'>20120627</subfield><subfield code='l'>CZU01</subfield><subfield code='h'>1045</subfield></datafield><datafield ind1=' ' ind2=' ' tag='910'><subfield code='a'>ABD026</subfield></datafield><datafield ind1=' ' ind2=' ' tag='SID'><subfield code='a'>Z39</subfield><subfield code='b'>JIB-Z</subfield></datafield><datafield ind1='0' ind2=' ' tag='090'><subfield code='b'>1</subfield></datafield></record>