
<record><leader>00000namZa22ZZZZZZaZ4500</leader><controlfield tag='001'>czu000049273</controlfield><controlfield tag='003'>CZ-PrCZU</controlfield><controlfield tag='005'>20111125105124.0</controlfield><controlfield tag='008'>010216s2000----xr-----f------------cze--</controlfield><datafield ind1=' ' ind2=' ' tag='015'><subfield code='a'>cnb000977714</subfield></datafield><datafield ind1=' ' ind2=' ' tag='020'><subfield code='a'>80-7178-425-7 (brož.)</subfield></datafield><datafield ind1=' ' ind2=' ' tag='035'><subfield code='a'>(OCoLC)85006512</subfield></datafield><datafield ind1=' ' ind2=' ' tag='040'><subfield code='a'>OLA001</subfield><subfield code='b'>cze</subfield><subfield code='d'>ABD026</subfield></datafield><datafield ind1='1' ind2=' ' tag='041'><subfield code='a'>cze</subfield><subfield code='h'>slo</subfield></datafield><datafield ind1=' ' ind2=' ' tag='080'><subfield code='a'>159.95</subfield><subfield code='2'>undef</subfield></datafield><datafield ind1=' ' ind2=' ' tag='080'><subfield code='a'>612.8</subfield><subfield code='2'>undef</subfield></datafield><datafield ind1='1' ind2=' ' tag='100'><subfield code='a'>Ruisel, Imrich</subfield><subfield code='7'>jo20000076524</subfield><subfield code='4'>aut</subfield></datafield><datafield ind1='1' ind2='0' tag='245'><subfield code='a'>Základy psychologie inteligence /</subfield><subfield code='c'>Imrich Ruisel</subfield></datafield><datafield ind1=' ' ind2=' ' tag='250'><subfield code='a'>Vyd. 1.</subfield></datafield><datafield ind1=' ' ind2=' ' tag='260'><subfield code='a'>Praha :</subfield><subfield code='b'>Portál,</subfield><subfield code='c'>2000</subfield></datafield><datafield ind1=' ' ind2=' ' tag='300'><subfield code='a'>183 s.</subfield></datafield><datafield ind1=' ' ind2=' ' tag='500'><subfield code='a'>Přeloženo ze slovenštiny</subfield></datafield><datafield ind1=' ' ind2=' ' tag='504'><subfield code='a'>Obsahuje bibliografie</subfield></datafield><datafield ind1=' ' ind2='7' tag='650'><subfield code='a'>inteligence (schopnost)</subfield><subfield code='7'>ph121140</subfield><subfield code='2'>czenas</subfield></datafield><datafield ind1=' ' ind2='7' tag='655'><subfield code='a'>učebnice</subfield><subfield code='7'>fd133770</subfield><subfield code='2'>czenas</subfield></datafield><datafield ind1=' ' ind2=' ' tag='KPW'><subfield code='a'>34336</subfield></datafield><datafield ind1=' ' ind2=' ' tag='CAT'><subfield code='c'>20070705</subfield><subfield code='l'>CZU01</subfield><subfield code='h'>0922</subfield></datafield><datafield ind1=' ' ind2=' ' tag='CAT'><subfield code='c'>20080313</subfield><subfield code='l'>CZU01</subfield><subfield code='h'>1518</subfield></datafield><datafield ind1=' ' ind2=' ' tag='CAT'><subfield code='a'>BATCH</subfield><subfield code='b'>00</subfield><subfield code='c'>20091216</subfield><subfield code='l'>CZU01</subfield><subfield code='h'>1511</subfield></datafield><datafield ind1=' ' ind2=' ' tag='CAT'><subfield code='a'>KULHAVA</subfield><subfield code='b'>20</subfield><subfield code='c'>20111125</subfield><subfield code='l'>CZU01</subfield><subfield code='h'>1051</subfield></datafield><datafield ind1=' ' ind2=' ' tag='CAT'><subfield code='a'>batch</subfield><subfield code='b'>00</subfield><subfield code='c'>20120323</subfield><subfield code='l'>CZU01</subfield><subfield code='h'>1719</subfield></datafield><datafield ind1=' ' ind2=' ' tag='910'><subfield code='a'>ABD026</subfield></datafield><datafield ind1=' ' ind2=' ' tag='SID'><subfield code='a'>Z39</subfield><subfield code='b'>VKO-Z</subfield></datafield><datafield ind1='0' ind2=' ' tag='090'><subfield code='b'>1</subfield></datafield></record>