
<record><leader>00000namZa22ZZZZZZaZ4500</leader><controlfield tag='001'>czu000049254</controlfield><controlfield tag='003'>CZ-PrCZU</controlfield><controlfield tag='005'>20120627104313.0</controlfield><controlfield tag='007'>tu</controlfield><controlfield tag='008'>021003s2002----xr-a---e------001-0-cze--</controlfield><datafield ind1=' ' ind2=' ' tag='015'><subfield code='a'>cnb001179558</subfield></datafield><datafield ind1=' ' ind2=' ' tag='020'><subfield code='a'>80-7215-171-1 (váz.)</subfield></datafield><datafield ind1=' ' ind2=' ' tag='035'><subfield code='a'>(OCoLC)51757625</subfield></datafield><datafield ind1=' ' ind2=' ' tag='040'><subfield code='a'>ABA001</subfield><subfield code='b'>cze</subfield><subfield code='d'>ABD026</subfield></datafield><datafield ind1=' ' ind2=' ' tag='045'><subfield code='a'>x-x-</subfield></datafield><datafield ind1=' ' ind2='7' tag='072'><subfield code='a'>82</subfield><subfield code='x'>Literatura. Literární život</subfield><subfield code='2'>Konspekt</subfield><subfield code='9'>11</subfield></datafield><datafield ind1=' ' ind2=' ' tag='080'><subfield code='a'>821.162.3</subfield><subfield code='2'>MRF</subfield></datafield><datafield ind1=' ' ind2=' ' tag='080'><subfield code='a'>821</subfield><subfield code='2'>MRF</subfield></datafield><datafield ind1=' ' ind2=' ' tag='080'><subfield code='a'>81&apos;42</subfield><subfield code='2'>MRF</subfield></datafield><datafield ind1=' ' ind2=' ' tag='080'><subfield code='a'>82.0</subfield><subfield code='2'>MRF</subfield></datafield><datafield ind1=' ' ind2=' ' tag='080'><subfield code='a'>82.07</subfield><subfield code='2'>MRF</subfield></datafield><datafield ind1=' ' ind2=' ' tag='080'><subfield code='a'>(082)</subfield><subfield code='2'>MRF</subfield></datafield><datafield ind1='0' ind2='0' tag='245'><subfield code='a'>Pohledy zblízka: zvuk, význam, obraz :</subfield><subfield code='b'>poetika literárního díla 20. století /</subfield><subfield code='c'>Miroslav Červenka ... [et al.]</subfield></datafield><datafield ind1=' ' ind2=' ' tag='250'><subfield code='a'>Vyd. 1.</subfield></datafield><datafield ind1=' ' ind2=' ' tag='260'><subfield code='a'>Praha :</subfield><subfield code='b'>Torst,</subfield><subfield code='c'>2002</subfield></datafield><datafield ind1=' ' ind2=' ' tag='300'><subfield code='a'>589 s. :</subfield><subfield code='b'>il. ;</subfield><subfield code='c'>22 cm</subfield></datafield><datafield ind1=' ' ind2=' ' tag='504'><subfield code='a'>Obsahuje bibliografie, bibliografické odkazy a rejstříky</subfield></datafield><datafield ind1='0' ind2='7' tag='650'><subfield code='a'>poetika</subfield><subfield code='7'>ph117252</subfield><subfield code='y'>20. stol.</subfield><subfield code='2'>czenas</subfield></datafield><datafield ind1='0' ind2='7' tag='650'><subfield code='a'>vnímání literárního díla</subfield><subfield code='7'>ph274709</subfield><subfield code='2'>czenas</subfield></datafield><datafield ind1='0' ind2='7' tag='650'><subfield code='a'>česká literatura</subfield><subfield code='7'>ph116858</subfield><subfield code='y'>20. stol.</subfield><subfield code='2'>czenas</subfield></datafield><datafield ind1='0' ind2='7' tag='650'><subfield code='a'>světová literatura</subfield><subfield code='7'>ph116360</subfield><subfield code='y'>20. stol.</subfield><subfield code='2'>czenas</subfield></datafield><datafield ind1='0' ind2='7' tag='650'><subfield code='a'>textová analýza</subfield><subfield code='7'>ph126628</subfield><subfield code='2'>czenas</subfield></datafield><datafield ind1='0' ind2='9' tag='650'><subfield code='a'>Criticism, Textual</subfield><subfield code='2'>eczenas</subfield></datafield><datafield ind1='0' ind2='9' tag='650'><subfield code='a'>Poetics</subfield><subfield code='y'>20th century</subfield><subfield code='2'>eczenas</subfield></datafield><datafield ind1='0' ind2='9' tag='650'><subfield code='a'>Hermeneutics</subfield><subfield code='2'>eczenas</subfield></datafield><datafield ind1='0' ind2='9' tag='650'><subfield code='a'>Czech literature</subfield><subfield code='y'>20th century</subfield><subfield code='2'>eczenas</subfield></datafield><datafield ind1='0' ind2='9' tag='650'><subfield code='a'>Literature</subfield><subfield code='y'>20th century</subfield><subfield code='2'>eczenas</subfield></datafield><datafield ind1=' ' ind2='7' tag='655'><subfield code='a'>sborníky</subfield><subfield code='7'>fd163935</subfield><subfield code='2'>czenas</subfield></datafield><datafield ind1='1' ind2=' ' tag='700'><subfield code='a'>Červenka, Miroslav,</subfield><subfield code='d'>1932-2005</subfield><subfield code='7'>jk01021682</subfield><subfield code='4'>aut</subfield></datafield><datafield ind1=' ' ind2=' ' tag='KPW'><subfield code='a'>34315</subfield></datafield><datafield ind1=' ' ind2=' ' tag='CAT'><subfield code='c'>20070705</subfield><subfield code='l'>CZU01</subfield><subfield code='h'>0922</subfield></datafield><datafield ind1=' ' ind2=' ' tag='CAT'><subfield code='c'>20080313</subfield><subfield code='l'>CZU01</subfield><subfield code='h'>1518</subfield></datafield><datafield ind1=' ' ind2=' ' tag='CAT'><subfield code='a'>BATCH</subfield><subfield code='b'>00</subfield><subfield code='c'>20091216</subfield><subfield code='l'>CZU01</subfield><subfield code='h'>1511</subfield></datafield><datafield ind1=' ' ind2=' ' tag='CAT'><subfield code='a'>batch</subfield><subfield code='b'>00</subfield><subfield code='c'>20120323</subfield><subfield code='l'>CZU01</subfield><subfield code='h'>1719</subfield></datafield><datafield ind1=' ' ind2=' ' tag='CAT'><subfield code='a'>KULHAVA</subfield><subfield code='b'>20</subfield><subfield code='c'>20120627</subfield><subfield code='l'>CZU01</subfield><subfield code='h'>1043</subfield></datafield><datafield ind1=' ' ind2=' ' tag='CAT'><subfield code='a'>KULHAVA</subfield><subfield code='b'>20</subfield><subfield code='c'>20120627</subfield><subfield code='l'>CZU01</subfield><subfield code='h'>1043</subfield></datafield><datafield ind1=' ' ind2=' ' tag='910'><subfield code='a'>ABD026</subfield></datafield><datafield ind1=' ' ind2=' ' tag='SID'><subfield code='a'>Z39</subfield><subfield code='b'>JIB-Z</subfield></datafield><datafield ind1='0' ind2=' ' tag='090'><subfield code='b'>1</subfield></datafield></record>