
<record><leader>ZZZZZnamZa22ZZZZZZaZ4500</leader><controlfield tag='001'>czu000049092</controlfield><controlfield tag='003'>CZ-PrCZU</controlfield><controlfield tag='005'>20051014152140.0</controlfield><controlfield tag='008'>051014s2005----xr------------------cze--</controlfield><datafield ind1=' ' ind2=' ' tag='020'><subfield code='a'>80-251-0398-6</subfield></datafield><datafield ind1=' ' ind2=' ' tag='040'><subfield code='a'>ABD026</subfield><subfield code='b'>cze</subfield></datafield><datafield ind1='1' ind2=' ' tag='100'><subfield code='a'>Magera, Ivo</subfield></datafield><datafield ind1='1' ind2='0' tag='245'><subfield code='a'>Microsoft Office Power Point 2003 :</subfield><subfield code='b'>podrobná uživatelská příručka</subfield></datafield><datafield ind1=' ' ind2=' ' tag='250'><subfield code='a'>1. vyd.</subfield></datafield><datafield ind1=' ' ind2=' ' tag='260'><subfield code='a'>Brno :</subfield><subfield code='b'>CP Books,</subfield><subfield code='c'>2005</subfield></datafield><datafield ind1=' ' ind2=' ' tag='300'><subfield code='a'>391 s.</subfield></datafield><datafield ind1=' ' ind2=' ' tag='653'><subfield code='a'>MS OFFICE</subfield></datafield><datafield ind1=' ' ind2=' ' tag='653'><subfield code='a'>SYSTÉM OPERAČNÍ</subfield></datafield><datafield ind1=' ' ind2=' ' tag='996'><subfield code='a'>VB</subfield><subfield code='b'>0</subfield></datafield><datafield ind1=' ' ind2=' ' tag='KPW'><subfield code='a'>34126</subfield></datafield><datafield ind1=' ' ind2=' ' tag='CAT'><subfield code='c'>20070705</subfield><subfield code='l'>CZU01</subfield><subfield code='h'>0922</subfield></datafield><datafield ind1=' ' ind2=' ' tag='CAT'><subfield code='c'>20080313</subfield><subfield code='l'>CZU01</subfield><subfield code='h'>1518</subfield></datafield><datafield ind1=' ' ind2=' ' tag='CAT'><subfield code='a'>BATCH</subfield><subfield code='b'>00</subfield><subfield code='c'>20091216</subfield><subfield code='l'>CZU01</subfield><subfield code='h'>1511</subfield></datafield><datafield ind1=' ' ind2=' ' tag='CAT'><subfield code='a'>batch</subfield><subfield code='b'>00</subfield><subfield code='c'>20120323</subfield><subfield code='l'>CZU01</subfield><subfield code='h'>1719</subfield></datafield><datafield ind1=' ' ind2=' ' tag='910'><subfield code='a'>ABD026</subfield></datafield><datafield ind1='0' ind2=' ' tag='090'><subfield code='b'>1</subfield></datafield></record>