
<record><leader>00000namZa22ZZZZZZaZ4500</leader><controlfield tag='001'>czu000049091</controlfield><controlfield tag='003'>CZ-PrCZU</controlfield><controlfield tag='005'>20120202132748.0</controlfield><controlfield tag='007'>ta</controlfield><controlfield tag='008'>041110s2004----xr-----f------001-0-cze--</controlfield><datafield ind1=' ' ind2=' ' tag='015'><subfield code='a'>cnb001294178</subfield></datafield><datafield ind1=' ' ind2=' ' tag='020'><subfield code='a'>80-246-0740-9 (brož.)</subfield></datafield><datafield ind1=' ' ind2=' ' tag='020'><subfield code='a'>978-80-246-0740-5 (2. dotisk : brož.)</subfield></datafield><datafield ind1=' ' ind2=' ' tag='035'><subfield code='a'>(OCoLC)85089905</subfield></datafield><datafield ind1=' ' ind2=' ' tag='040'><subfield code='a'>BOA001</subfield><subfield code='b'>cze</subfield><subfield code='c'>BOA001</subfield><subfield code='d'>ABA001</subfield><subfield code='d'>ABD026</subfield></datafield><datafield ind1='1' ind2=' ' tag='041'><subfield code='a'>cze</subfield><subfield code='h'>eng</subfield><subfield code='h'>ita</subfield></datafield><datafield ind1=' ' ind2='7' tag='072'><subfield code='a'>80</subfield><subfield code='x'>Filologie</subfield><subfield code='2'>Konspekt</subfield><subfield code='9'>11</subfield></datafield><datafield ind1=' ' ind2=' ' tag='080'><subfield code='a'>801.73</subfield><subfield code='2'>MRF</subfield></datafield><datafield ind1=' ' ind2=' ' tag='080'><subfield code='a'>81&apos;22</subfield><subfield code='2'>MRF</subfield></datafield><datafield ind1=' ' ind2=' ' tag='080'><subfield code='a'>81&apos;37</subfield><subfield code='2'>MRF</subfield></datafield><datafield ind1=' ' ind2=' ' tag='080'><subfield code='a'>(0:82-4)</subfield><subfield code='2'>MRF</subfield></datafield><datafield ind1='1' ind2=' ' tag='100'><subfield code='a'>Eco, Umberto,</subfield><subfield code='d'>1932-</subfield><subfield code='7'>jn19990001971</subfield><subfield code='4'>aut</subfield></datafield><datafield ind1='1' ind2='0' tag='240'><subfield code='a'>Limiti dell&apos;interpretazione.</subfield><subfield code='l'>Česky</subfield></datafield><datafield ind1='1' ind2='0' tag='245'><subfield code='a'>Meze interpretace /</subfield><subfield code='c'>Umberto Eco ; [z anglického originálu [sic] ... přeložil Ladislav Nagy]</subfield></datafield><datafield ind1=' ' ind2=' ' tag='250'><subfield code='a'>1. české vyd.</subfield></datafield><datafield ind1=' ' ind2=' ' tag='260'><subfield code='a'>Praha :</subfield><subfield code='b'>Karolinum,</subfield><subfield code='c'>2004</subfield></datafield><datafield ind1=' ' ind2=' ' tag='300'><subfield code='a'>330 s. ;</subfield><subfield code='c'>21 cm</subfield></datafield><datafield ind1=' ' ind2=' ' tag='500'><subfield code='a'>2. dotisk r. 2009</subfield></datafield><datafield ind1=' ' ind2=' ' tag='504'><subfield code='a'>Obsahuje bibliografii, bibliografické odkazy a rejstřík</subfield></datafield><datafield ind1='0' ind2='7' tag='650'><subfield code='a'>interpretace (filozofie)</subfield><subfield code='7'>ph135767</subfield><subfield code='2'>czenas</subfield></datafield><datafield ind1='0' ind2='7' tag='650'><subfield code='a'>sémiotika</subfield><subfield code='7'>ph126388</subfield><subfield code='2'>czenas</subfield></datafield><datafield ind1='0' ind2='7' tag='650'><subfield code='a'>sémantika</subfield><subfield code='7'>ph117272</subfield><subfield code='2'>czenas</subfield></datafield><datafield ind1='0' ind2='9' tag='650'><subfield code='a'>reader-response criticism</subfield><subfield code='2'>eczenas</subfield></datafield><datafield ind1='0' ind2='9' tag='650'><subfield code='a'>semiotics</subfield><subfield code='2'>eczenas</subfield></datafield><datafield ind1='0' ind2='9' tag='650'><subfield code='a'>semantics</subfield><subfield code='2'>eczenas</subfield></datafield><datafield ind1=' ' ind2='7' tag='655'><subfield code='a'>eseje</subfield><subfield code='7'>fd132213</subfield><subfield code='2'>czenas</subfield></datafield><datafield ind1=' ' ind2='9' tag='655'><subfield code='a'>essays</subfield><subfield code='2'>eczenas</subfield></datafield><datafield ind1='0' ind2='8' tag='765'><subfield code='i'>Název anglického překladu:</subfield><subfield code='t'>Limits of interpretation</subfield><subfield code='9'>Česky</subfield></datafield><datafield ind1=' ' ind2=' ' tag='KPW'><subfield code='a'>34125</subfield></datafield><datafield ind1=' ' ind2=' ' tag='CAT'><subfield code='c'>20070705</subfield><subfield code='l'>CZU01</subfield><subfield code='h'>0922</subfield></datafield><datafield ind1=' ' ind2=' ' tag='CAT'><subfield code='c'>20080313</subfield><subfield code='l'>CZU01</subfield><subfield code='h'>1518</subfield></datafield><datafield ind1=' ' ind2=' ' tag='CAT'><subfield code='a'>BATCH</subfield><subfield code='b'>00</subfield><subfield code='c'>20091216</subfield><subfield code='l'>CZU01</subfield><subfield code='h'>1511</subfield></datafield><datafield ind1=' ' ind2=' ' tag='CAT'><subfield code='a'>KULHAVA</subfield><subfield code='b'>20</subfield><subfield code='c'>20120202</subfield><subfield code='l'>CZU01</subfield><subfield code='h'>1327</subfield></datafield><datafield ind1=' ' ind2=' ' tag='CAT'><subfield code='a'>batch</subfield><subfield code='b'>00</subfield><subfield code='c'>20120323</subfield><subfield code='l'>CZU01</subfield><subfield code='h'>1719</subfield></datafield><datafield ind1=' ' ind2=' ' tag='910'><subfield code='a'>ABD026</subfield></datafield><datafield ind1=' ' ind2=' ' tag='SID'><subfield code='a'>Z39</subfield><subfield code='b'>NKC-Z</subfield></datafield><datafield ind1='0' ind2=' ' tag='090'><subfield code='b'>1</subfield></datafield></record>