
<record><leader>ZZZZZnamZa22ZZZZZZaZ4500</leader><controlfield tag='001'>czu000048873</controlfield><controlfield tag='003'>CZ-PrCZU</controlfield><controlfield tag='005'>20050831151946.0</controlfield><controlfield tag='008'>050831s1975----xxk-----------------eng--</controlfield><datafield ind1=' ' ind2=' ' tag='040'><subfield code='a'>ABD026</subfield><subfield code='b'>cze</subfield></datafield><datafield ind1='0' ind2='0' tag='245'><subfield code='a'>Modern publicity :</subfield><subfield code='b'>1968/69, 1973/74, 1974/75 ; editor Felix Gluck</subfield></datafield><datafield ind1=' ' ind2=' ' tag='260'><subfield code='a'>London :</subfield><subfield code='b'>Studio Vista,</subfield><subfield code='c'>1975</subfield></datafield><datafield ind1=' ' ind2=' ' tag='300'><subfield code='b'>foto., il.</subfield></datafield><datafield ind1=' ' ind2=' ' tag='653'><subfield code='a'>GRAFIKA</subfield></datafield><datafield ind1=' ' ind2=' ' tag='653'><subfield code='a'>REKLAMA</subfield></datafield><datafield ind1=' ' ind2=' ' tag='996'><subfield code='a'>VB</subfield><subfield code='b'>0</subfield></datafield><datafield ind1=' ' ind2=' ' tag='KPW'><subfield code='a'>33859</subfield></datafield><datafield ind1=' ' ind2=' ' tag='CAT'><subfield code='c'>20070705</subfield><subfield code='l'>CZU01</subfield><subfield code='h'>0922</subfield></datafield><datafield ind1=' ' ind2=' ' tag='CAT'><subfield code='c'>20080313</subfield><subfield code='l'>CZU01</subfield><subfield code='h'>1518</subfield></datafield><datafield ind1=' ' ind2=' ' tag='CAT'><subfield code='a'>batch</subfield><subfield code='b'>00</subfield><subfield code='c'>20120323</subfield><subfield code='l'>CZU01</subfield><subfield code='h'>1719</subfield></datafield><datafield ind1=' ' ind2=' ' tag='910'><subfield code='a'>ABD026</subfield></datafield><datafield ind1='0' ind2=' ' tag='090'><subfield code='b'>3</subfield></datafield></record>