
<record><leader>00000namZa22ZZZZZZaZ4500</leader><controlfield tag='001'>czu000045145</controlfield><controlfield tag='003'>CZ-PrCZU</controlfield><controlfield tag='005'>20120627094334.0</controlfield><controlfield tag='008'>941219s1994----xxk-----------001-0-eng-d</controlfield><datafield ind1=' ' ind2=' ' tag='020'><subfield code='a'>0122063821</subfield></datafield><datafield ind1=' ' ind2=' ' tag='040'><subfield code='a'>ABD026</subfield><subfield code='b'>cze</subfield></datafield><datafield ind1=' ' ind2=' ' tag='080'><subfield code='a'>519</subfield></datafield><datafield ind1='1' ind2=' ' tag='100'><subfield code='a'>Davis, Martin,</subfield><subfield code='d'>1928-</subfield></datafield><datafield ind1='1' ind2='0' tag='245'><subfield code='a'>Computability, complexity, and languages :</subfield><subfield code='b'>fundamentals of theoretical computer science /</subfield><subfield code='c'>Martin D. Davis, Ron Sigal, Elaine J. Weyuker</subfield></datafield><datafield ind1=' ' ind2=' ' tag='250'><subfield code='a'>2nd ed.</subfield></datafield><datafield ind1=' ' ind2=' ' tag='260'><subfield code='a'>Boston ;</subfield><subfield code='a'>New York ;</subfield><subfield code='a'>London :</subfield><subfield code='b'>Academic Press,</subfield><subfield code='c'>c1994</subfield></datafield><datafield ind1=' ' ind2=' ' tag='300'><subfield code='a'>xix, 609 s. :</subfield><subfield code='b'>il. ;</subfield><subfield code='c'>24 cm</subfield></datafield><datafield ind1='1' ind2=' ' tag='490'><subfield code='a'>Computer science and scientific computing</subfield></datafield><datafield ind1=' ' ind2=' ' tag='504'><subfield code='a'>Obsahuje bibliografické odkazy a rejstřík</subfield></datafield><datafield ind1='0' ind2='7' tag='650'><subfield code='a'>programování</subfield><subfield code='7'>ph115891</subfield><subfield code='2'>czenas</subfield></datafield><datafield ind1='0' ind2='7' tag='650'><subfield code='a'>počítače</subfield><subfield code='7'>ph115859</subfield><subfield code='2'>czenas</subfield></datafield><datafield ind1='0' ind2='7' tag='650'><subfield code='a'>formální jazyky</subfield><subfield code='7'>ph208851</subfield><subfield code='2'>czenas</subfield></datafield><datafield ind1='1' ind2=' ' tag='700'><subfield code='a'>Sigal, Ron</subfield></datafield><datafield ind1='1' ind2=' ' tag='700'><subfield code='a'>Weyuker, Elaine J.</subfield></datafield><datafield ind1=' ' ind2='0' tag='830'><subfield code='a'>Computer science and scientific computing</subfield></datafield><datafield ind1=' ' ind2=' ' tag='KPW'><subfield code='a'>28309</subfield></datafield><datafield ind1=' ' ind2=' ' tag='CAT'><subfield code='c'>20070705</subfield><subfield code='l'>CZU01</subfield><subfield code='h'>0922</subfield></datafield><datafield ind1=' ' ind2=' ' tag='CAT'><subfield code='c'>20080313</subfield><subfield code='l'>CZU01</subfield><subfield code='h'>1518</subfield></datafield><datafield ind1=' ' ind2=' ' tag='CAT'><subfield code='a'>BATELKOVA</subfield><subfield code='b'>20</subfield><subfield code='c'>20090831</subfield><subfield code='l'>CZU01</subfield><subfield code='h'>1008</subfield></datafield><datafield ind1=' ' ind2=' ' tag='CAT'><subfield code='c'>20091215</subfield><subfield code='l'>CZU01</subfield><subfield code='h'>1325</subfield></datafield><datafield ind1=' ' ind2=' ' tag='CAT'><subfield code='a'>BATCH</subfield><subfield code='b'>00</subfield><subfield code='c'>20091216</subfield><subfield code='l'>CZU01</subfield><subfield code='h'>1511</subfield></datafield><datafield ind1=' ' ind2=' ' tag='CAT'><subfield code='a'>batch</subfield><subfield code='b'>00</subfield><subfield code='c'>20120323</subfield><subfield code='l'>CZU01</subfield><subfield code='h'>1719</subfield></datafield><datafield ind1=' ' ind2=' ' tag='CAT'><subfield code='a'>KULHAVA</subfield><subfield code='b'>20</subfield><subfield code='c'>20120627</subfield><subfield code='l'>CZU01</subfield><subfield code='h'>0943</subfield></datafield><datafield ind1=' ' ind2=' ' tag='CAT'><subfield code='a'>KULHAVA</subfield><subfield code='b'>20</subfield><subfield code='c'>20120627</subfield><subfield code='l'>CZU01</subfield><subfield code='h'>0943</subfield></datafield><datafield ind1=' ' ind2=' ' tag='910'><subfield code='a'>ABD026</subfield></datafield><datafield ind1=' ' ind2=' ' tag='SID'><subfield code='a'>Z39</subfield><subfield code='b'>SKC-Z-SN</subfield></datafield><datafield ind1='0' ind2=' ' tag='090'><subfield code='b'>1</subfield></datafield></record>