
<record><leader>00000namZa22ZZZZZZaZ4500</leader><controlfield tag='001'>czu000044728</controlfield><controlfield tag='003'>CZ-PrCZU</controlfield><controlfield tag='005'>20090518084500.0</controlfield><controlfield tag='007'>ta</controlfield><controlfield tag='008'>041214s2005----xr-a---f-f----001-0-cze--</controlfield><datafield ind1=' ' ind2=' ' tag='020'><subfield code='a'>80-247-1103-6 (váz.)</subfield></datafield><datafield ind1=' ' ind2=' ' tag='035'><subfield code='a'>(OCoLC)60529416</subfield></datafield><datafield ind1=' ' ind2=' ' tag='040'><subfield code='a'>BOA001</subfield><subfield code='b'>cze</subfield><subfield code='c'>BOA001</subfield><subfield code='d'>ABA001</subfield><subfield code='d'>ABD026</subfield></datafield><datafield ind1=' ' ind2='7' tag='072'><subfield code='a'>007</subfield><subfield code='x'>Teorie systémů. Automatické systémy. Informační systémy. Kybernetika</subfield><subfield code='2'>Konspekt</subfield><subfield code='9'>23</subfield></datafield><datafield ind1=' ' ind2=' ' tag='080'><subfield code='a'>[007+004]:658</subfield><subfield code='2'>MRF</subfield></datafield><datafield ind1=' ' ind2=' ' tag='080'><subfield code='a'>005.8</subfield><subfield code='2'>MRF</subfield></datafield><datafield ind1=' ' ind2=' ' tag='080'><subfield code='a'>(035)</subfield><subfield code='2'>MRF</subfield></datafield><datafield ind1='1' ind2=' ' tag='100'><subfield code='a'>Vrana, Ivan,</subfield><subfield code='d'>1941-</subfield><subfield code='7'>jn20000402616</subfield><subfield code='4'>aut</subfield></datafield><datafield ind1='1' ind2='0' tag='245'><subfield code='a'>Zásady a postupy zavádění podnikových informačních systémů :</subfield><subfield code='b'>praktická příručka pro podnikové manažery /</subfield><subfield code='c'>Ivan Vrana, Karel Richta</subfield></datafield><datafield ind1=' ' ind2=' ' tag='250'><subfield code='a'>1. vyd.</subfield></datafield><datafield ind1=' ' ind2=' ' tag='250'><subfield code='a'>1. vyd.</subfield></datafield><datafield ind1=' ' ind2=' ' tag='260'><subfield code='a'>Praha :</subfield><subfield code='b'>Grada,</subfield><subfield code='c'>2005</subfield></datafield><datafield ind1=' ' ind2=' ' tag='300'><subfield code='a'>187 s.</subfield></datafield><datafield ind1=' ' ind2=' ' tag='300'><subfield code='a'>187 s. :</subfield><subfield code='b'>il. ;</subfield><subfield code='c'>25 cm</subfield></datafield><datafield ind1='1' ind2=' ' tag='490'><subfield code='a'>Management v informační společnosti</subfield></datafield><datafield ind1=' ' ind2=' ' tag='504'><subfield code='a'>Obsahuje bibliografii a rejstřík</subfield></datafield><datafield ind1='0' ind2='7' tag='650'><subfield code='a'>podnikové informační systémy</subfield><subfield code='7'>ph121104</subfield><subfield code='2'>czenas</subfield></datafield><datafield ind1='0' ind2='7' tag='650'><subfield code='a'>projektový management</subfield><subfield code='7'>ph115894</subfield><subfield code='2'>czenas</subfield></datafield><datafield ind1='0' ind2='9' tag='650'><subfield code='a'>management information systems</subfield><subfield code='2'>eczenas</subfield></datafield><datafield ind1='0' ind2='9' tag='650'><subfield code='a'>project management</subfield><subfield code='2'>eczenas</subfield></datafield><datafield ind1=' ' ind2='7' tag='655'><subfield code='a'>příručky</subfield><subfield code='7'>fd133209</subfield><subfield code='2'>czenas</subfield></datafield><datafield ind1=' ' ind2='9' tag='655'><subfield code='a'>handbooks, manuals, etc.</subfield><subfield code='2'>eczenas</subfield></datafield><datafield ind1='1' ind2=' ' tag='700'><subfield code='a'>Richta, Karel</subfield></datafield><datafield ind1='1' ind2=' ' tag='700'><subfield code='a'>Richta, Karel,</subfield><subfield code='d'>1950-</subfield><subfield code='7'>jn20001005292</subfield><subfield code='4'>aut</subfield></datafield><datafield ind1=' ' ind2='0' tag='830'><subfield code='a'>Management v informační společnosti</subfield><subfield code='0'>s</subfield></datafield><datafield ind1=' ' ind2=' ' tag='KPW'><subfield code='a'>27806</subfield></datafield><datafield ind1=' ' ind2=' ' tag='CAT'><subfield code='c'>20070705</subfield><subfield code='l'>CZU01</subfield><subfield code='h'>0922</subfield></datafield><datafield ind1=' ' ind2=' ' tag='CAT'><subfield code='c'>20070705</subfield><subfield code='l'>CZU01</subfield><subfield code='h'>0933</subfield></datafield><datafield ind1=' ' ind2=' ' tag='CAT'><subfield code='c'>20080313</subfield><subfield code='l'>CZU01</subfield><subfield code='h'>1518</subfield></datafield><datafield ind1=' ' ind2=' ' tag='CAT'><subfield code='a'>BATELKOVA</subfield><subfield code='b'>20</subfield><subfield code='c'>20090518</subfield><subfield code='l'>CZU01</subfield><subfield code='h'>0844</subfield></datafield><datafield ind1=' ' ind2=' ' tag='CAT'><subfield code='a'>BATELKOVA</subfield><subfield code='b'>20</subfield><subfield code='c'>20090518</subfield><subfield code='l'>CZU01</subfield><subfield code='h'>0844</subfield></datafield><datafield ind1=' ' ind2=' ' tag='CAT'><subfield code='a'>BATELKOVA</subfield><subfield code='b'>20</subfield><subfield code='c'>20090518</subfield><subfield code='l'>CZU01</subfield><subfield code='h'>0845</subfield></datafield><datafield ind1=' ' ind2=' ' tag='CAT'><subfield code='c'>20091215</subfield><subfield code='l'>CZU01</subfield><subfield code='h'>1325</subfield></datafield><datafield ind1=' ' ind2=' ' tag='CAT'><subfield code='a'>BATCH</subfield><subfield code='b'>00</subfield><subfield code='c'>20091216</subfield><subfield code='l'>CZU01</subfield><subfield code='h'>1511</subfield></datafield><datafield ind1=' ' ind2=' ' tag='CAT'><subfield code='a'>batch</subfield><subfield code='b'>00</subfield><subfield code='c'>20120323</subfield><subfield code='l'>CZU01</subfield><subfield code='h'>1719</subfield></datafield><datafield ind1=' ' ind2=' ' tag='DPD'><subfield code='a'>Doporučená</subfield></datafield><datafield ind1=' ' ind2=' ' tag='DPP'><subfield code='a'>Informační inženýrství</subfield><subfield code='b'>Katedra informačního inženýrství</subfield><subfield code='c'>11130</subfield><subfield code='7'>3642</subfield></datafield><datafield ind1=' ' ind2=' ' tag='DPP'><subfield code='a'>Projektování informačních systémů - INFO</subfield><subfield code='b'>Katedra informačního inženýrství</subfield><subfield code='c'>11130</subfield><subfield code='7'>3203</subfield></datafield><datafield ind1=' ' ind2=' ' tag='DPP'><subfield code='a'>Systémová integrace</subfield><subfield code='b'>Katedra informačního inženýrství</subfield><subfield code='c'>11130</subfield><subfield code='7'>3643</subfield></datafield><datafield ind1=' ' ind2=' ' tag='DPP'><subfield code='a'>Systémové inženýrství</subfield><subfield code='b'>Katedra informačního inženýrství</subfield><subfield code='c'>11130</subfield><subfield code='7'>3641</subfield></datafield><datafield ind1=' ' ind2=' ' tag='910'><subfield code='a'>ABD026</subfield></datafield><datafield ind1=' ' ind2=' ' tag='SID'><subfield code='a'>Z39</subfield><subfield code='b'>NKC-Z-SN</subfield></datafield><datafield ind1='0' ind2=' ' tag='090'><subfield code='b'>1</subfield></datafield></record>