
<record><leader>00000namZa22ZZZZZZaZ4500</leader><controlfield tag='001'>czu000044459</controlfield><controlfield tag='003'>CZ-PrCZU</controlfield><controlfield tag='005'>20140207083633.0</controlfield><controlfield tag='007'>ta</controlfield><controlfield tag='008'>050415s2002----xxk-----------------eng-d</controlfield><datafield ind1=' ' ind2=' ' tag='020'><subfield code='a'>0-201-74158-x</subfield></datafield><datafield ind1=' ' ind2=' ' tag='040'><subfield code='a'>ABA100</subfield><subfield code='b'>cze</subfield><subfield code='d'>ABD026</subfield></datafield><datafield ind1='0' ind2=' ' tag='041'><subfield code='a'>eng</subfield></datafield><datafield ind1=' ' ind2=' ' tag='080'><subfield code='a'>005.14</subfield></datafield><datafield ind1='0' ind2='0' tag='245'><subfield code='a'>IT measurement :</subfield><subfield code='b'>practical advice from the experts /</subfield><subfield code='c'>International Function Point Users Group</subfield></datafield><datafield ind1=' ' ind2=' ' tag='260'><subfield code='a'>London :</subfield><subfield code='b'>Addison-Wesley,</subfield><subfield code='c'>2002</subfield></datafield><datafield ind1=' ' ind2=' ' tag='300'><subfield code='a'>xxxvi, 759 s.</subfield></datafield><datafield ind1=' ' ind2='7' tag='650'><subfield code='a'>informační systémy</subfield><subfield code='7'>ph114774</subfield><subfield code='2'>czenas</subfield></datafield><datafield ind1='2' ind2=' ' tag='710'><subfield code='a'>International Function Point Users Group</subfield></datafield><datafield ind1=' ' ind2=' ' tag='KPW'><subfield code='a'>27482</subfield></datafield><datafield ind1=' ' ind2=' ' tag='CAT'><subfield code='c'>20070705</subfield><subfield code='l'>CZU01</subfield><subfield code='h'>0922</subfield></datafield><datafield ind1=' ' ind2=' ' tag='CAT'><subfield code='c'>20080313</subfield><subfield code='l'>CZU01</subfield><subfield code='h'>1518</subfield></datafield><datafield ind1=' ' ind2=' ' tag='CAT'><subfield code='a'>KULHAVA</subfield><subfield code='b'>20</subfield><subfield code='c'>20090729</subfield><subfield code='l'>CZU01</subfield><subfield code='h'>1237</subfield></datafield><datafield ind1=' ' ind2=' ' tag='CAT'><subfield code='a'>batch</subfield><subfield code='b'>00</subfield><subfield code='c'>20120323</subfield><subfield code='l'>CZU01</subfield><subfield code='h'>1719</subfield></datafield><datafield ind1=' ' ind2=' ' tag='CAT'><subfield code='a'>KULHAVA</subfield><subfield code='b'>20</subfield><subfield code='c'>20140207</subfield><subfield code='l'>CZU01</subfield><subfield code='h'>0836</subfield></datafield><datafield ind1=' ' ind2=' ' tag='910'><subfield code='a'>ABD026</subfield></datafield><datafield ind1=' ' ind2=' ' tag='SID'><subfield code='a'>Z39</subfield><subfield code='b'>SKC-Z-SN</subfield></datafield><datafield ind1='0' ind2=' ' tag='090'><subfield code='b'>1</subfield></datafield></record>