
<record><leader>00000namZa22ZZZZZZaZ4500</leader><controlfield tag='001'>czu000044392</controlfield><controlfield tag='003'>CZ-PrCZU</controlfield><controlfield tag='005'>20120627103923.0</controlfield><controlfield tag='007'>tu</controlfield><controlfield tag='008'>010326s2001----xr-a---e------000-0-cze--</controlfield><datafield ind1=' ' ind2=' ' tag='015'><subfield code='a'>cnb000994522</subfield></datafield><datafield ind1=' ' ind2=' ' tag='020'><subfield code='a'>80-7178-446-X (brož.) :</subfield><subfield code='c'>Kč 265,00</subfield></datafield><datafield ind1=' ' ind2=' ' tag='035'><subfield code='a'>(OCoLC)47950496</subfield></datafield><datafield ind1=' ' ind2=' ' tag='040'><subfield code='a'>ABA001</subfield><subfield code='b'>cze</subfield><subfield code='d'>ABD026</subfield></datafield><datafield ind1='1' ind2=' ' tag='041'><subfield code='a'>cze</subfield><subfield code='h'>eng</subfield></datafield><datafield ind1=' ' ind2='7' tag='072'><subfield code='a'>74</subfield><subfield code='x'>Kresba. Umělecká řemesla</subfield><subfield code='2'>Konspekt</subfield><subfield code='9'>21</subfield></datafield><datafield ind1=' ' ind2=' ' tag='080'><subfield code='a'>741</subfield><subfield code='2'>MRF</subfield></datafield><datafield ind1=' ' ind2=' ' tag='080'><subfield code='a'>159.9</subfield><subfield code='2'>MRF</subfield></datafield><datafield ind1=' ' ind2=' ' tag='080'><subfield code='a'>741.02</subfield><subfield code='2'>MRF</subfield></datafield><datafield ind1=' ' ind2=' ' tag='080'><subfield code='a'>159.954</subfield><subfield code='2'>MRF</subfield></datafield><datafield ind1=' ' ind2=' ' tag='080'><subfield code='a'>(0.062)</subfield><subfield code='2'>MRF</subfield></datafield><datafield ind1='1' ind2=' ' tag='100'><subfield code='a'>Meglin, Diana</subfield><subfield code='7'>xx0058272</subfield><subfield code='4'>aut</subfield></datafield><datafield ind1='1' ind2='0' tag='245'><subfield code='a'>Kreslení jako cesta k sebevyjádření /</subfield><subfield code='c'>Diana a Nick Meglinovi ; [z anglického originálu ... přeložila Monika Kittová]</subfield></datafield><datafield ind1=' ' ind2=' ' tag='250'><subfield code='a'>Vyd. 1.</subfield></datafield><datafield ind1=' ' ind2=' ' tag='260'><subfield code='a'>Praha :</subfield><subfield code='b'>Portál,</subfield><subfield code='c'>2001</subfield></datafield><datafield ind1=' ' ind2=' ' tag='300'><subfield code='a'>223 s. :</subfield><subfield code='b'>il. ;</subfield><subfield code='c'>23 cm</subfield></datafield><datafield ind1='0' ind2='7' tag='650'><subfield code='a'>kreslířské techniky</subfield><subfield code='7'>ph135189</subfield><subfield code='2'>czenas</subfield></datafield><datafield ind1='0' ind2='7' tag='650'><subfield code='a'>kreativita</subfield><subfield code='7'>ph121937</subfield><subfield code='2'>czenas</subfield></datafield><datafield ind1='0' ind2='7' tag='650'><subfield code='a'>kreslení</subfield><subfield code='7'>ph121945</subfield><subfield code='x'>psychologické aspekty</subfield><subfield code='2'>czenas</subfield></datafield><datafield ind1='0' ind2='9' tag='650'><subfield code='a'>Drawing</subfield><subfield code='x'>Technique</subfield><subfield code='2'>eczenas</subfield></datafield><datafield ind1='0' ind2='9' tag='650'><subfield code='a'>Drawing, Psychology of</subfield><subfield code='2'>eczenas</subfield></datafield><datafield ind1='0' ind2='9' tag='650'><subfield code='a'>Creation (Literary, artistic, etc.)</subfield><subfield code='2'>eczenas</subfield></datafield><datafield ind1=' ' ind2='7' tag='655'><subfield code='a'>populárně-naučné publikace</subfield><subfield code='7'>fd131864</subfield><subfield code='2'>czenas</subfield></datafield><datafield ind1='1' ind2=' ' tag='700'><subfield code='a'>Meglin, Nick</subfield><subfield code='7'>xx0058271</subfield><subfield code='4'>aut</subfield></datafield><datafield ind1='1' ind2=' ' tag='700'><subfield code='a'>Kittová, Monika</subfield><subfield code='7'>jn20020721467</subfield><subfield code='4'>trl</subfield></datafield><datafield ind1='0' ind2=' ' tag='765'><subfield code='t'>Drawing from within</subfield><subfield code='9'>Česky</subfield></datafield><datafield ind1=' ' ind2=' ' tag='KPW'><subfield code='a'>27397</subfield></datafield><datafield ind1=' ' ind2=' ' tag='CAT'><subfield code='c'>20070705</subfield><subfield code='l'>CZU01</subfield><subfield code='h'>0922</subfield></datafield><datafield ind1=' ' ind2=' ' tag='CAT'><subfield code='c'>20080313</subfield><subfield code='l'>CZU01</subfield><subfield code='h'>1518</subfield></datafield><datafield ind1=' ' ind2=' ' tag='CAT'><subfield code='a'>BATCH</subfield><subfield code='b'>00</subfield><subfield code='c'>20091216</subfield><subfield code='l'>CZU01</subfield><subfield code='h'>1510</subfield></datafield><datafield ind1=' ' ind2=' ' tag='CAT'><subfield code='a'>KULHAVA</subfield><subfield code='b'>20</subfield><subfield code='c'>20110105</subfield><subfield code='l'>CZU01</subfield><subfield code='h'>1018</subfield></datafield><datafield ind1=' ' ind2=' ' tag='CAT'><subfield code='a'>batch</subfield><subfield code='b'>00</subfield><subfield code='c'>20120323</subfield><subfield code='l'>CZU01</subfield><subfield code='h'>1719</subfield></datafield><datafield ind1=' ' ind2=' ' tag='CAT'><subfield code='a'>KULHAVA</subfield><subfield code='b'>20</subfield><subfield code='c'>20120627</subfield><subfield code='l'>CZU01</subfield><subfield code='h'>1039</subfield></datafield><datafield ind1=' ' ind2=' ' tag='910'><subfield code='a'>ABD026</subfield></datafield><datafield ind1=' ' ind2=' ' tag='SID'><subfield code='a'>Z39</subfield><subfield code='b'>NKC-Z-SN</subfield></datafield><datafield ind1='0' ind2=' ' tag='090'><subfield code='b'>1</subfield></datafield></record>