
<record><leader>00000namZa22ZZZZZZaZ4500</leader><controlfield tag='001'>czu000044374</controlfield><controlfield tag='003'>CZ-PrCZU</controlfield><controlfield tag='005'>20110105095228.0</controlfield><controlfield tag='008'>041206s2002----xxu-----------------eng--</controlfield><datafield ind1=' ' ind2=' ' tag='020'><subfield code='a'>0471202827 (pbk. : alk. paper)</subfield></datafield><datafield ind1=' ' ind2=' ' tag='035'><subfield code='a'>(DLC) 2002002006</subfield></datafield><datafield ind1=' ' ind2=' ' tag='035'><subfield code='a'>(DLC)3264</subfield></datafield><datafield ind1=' ' ind2=' ' tag='040'><subfield code='a'>DLC</subfield><subfield code='c'>DLC</subfield><subfield code='d'>DLC</subfield><subfield code='d'>ABD026</subfield></datafield><datafield ind1=' ' ind2=' ' tag='042'><subfield code='a'>pcc</subfield></datafield><datafield ind1='0' ind2='0' tag='050'><subfield code='a'>QA76.76.D47</subfield><subfield code='b'>A425 2002</subfield></datafield><datafield ind1='1' ind2=' ' tag='100'><subfield code='a'>Ambler, Scott W.,</subfield><subfield code='d'>1966-</subfield></datafield><datafield ind1='1' ind2='0' tag='245'><subfield code='a'>Agile modeling :</subfield><subfield code='b'>effective practices for eXtreme programming and the unified process /</subfield><subfield code='c'>Scott Ambler.</subfield></datafield><datafield ind1=' ' ind2=' ' tag='260'><subfield code='a'>New York :</subfield><subfield code='b'>J. Wiley,</subfield><subfield code='c'>c2002.</subfield></datafield><datafield ind1=' ' ind2=' ' tag='300'><subfield code='a'>xvi, 384 p. :</subfield><subfield code='b'>ill. ;</subfield><subfield code='c'>24 cm.</subfield></datafield><datafield ind1=' ' ind2=' ' tag='500'><subfield code='a'>&quot;Wiley computer publishing.&quot;</subfield></datafield><datafield ind1=' ' ind2=' ' tag='504'><subfield code='a'>Includes bibliographical references (p. 369-374) and index.</subfield></datafield><datafield ind1=' ' ind2='0' tag='650'><subfield code='a'>Agile software development.</subfield></datafield><datafield ind1=' ' ind2='0' tag='650'><subfield code='a'>eXtreme programming.</subfield></datafield><datafield ind1=' ' ind2=' ' tag='KPW'><subfield code='a'>27378</subfield></datafield><datafield ind1=' ' ind2=' ' tag='CAT'><subfield code='c'>20070705</subfield><subfield code='l'>CZU01</subfield><subfield code='h'>0922</subfield></datafield><datafield ind1=' ' ind2=' ' tag='CAT'><subfield code='c'>20080313</subfield><subfield code='l'>CZU01</subfield><subfield code='h'>1518</subfield></datafield><datafield ind1=' ' ind2=' ' tag='CAT'><subfield code='a'>BATCH</subfield><subfield code='b'>00</subfield><subfield code='c'>20091216</subfield><subfield code='l'>CZU01</subfield><subfield code='h'>1510</subfield></datafield><datafield ind1=' ' ind2=' ' tag='CAT'><subfield code='a'>KULHAVA</subfield><subfield code='b'>20</subfield><subfield code='c'>20110105</subfield><subfield code='l'>CZU01</subfield><subfield code='h'>0952</subfield></datafield><datafield ind1=' ' ind2=' ' tag='CAT'><subfield code='a'>KULHAVA</subfield><subfield code='b'>20</subfield><subfield code='c'>20110105</subfield><subfield code='l'>CZU01</subfield><subfield code='h'>0952</subfield></datafield><datafield ind1=' ' ind2=' ' tag='CAT'><subfield code='a'>batch</subfield><subfield code='b'>00</subfield><subfield code='c'>20120323</subfield><subfield code='l'>CZU01</subfield><subfield code='h'>1719</subfield></datafield><datafield ind1=' ' ind2=' ' tag='910'><subfield code='a'>ABD026</subfield></datafield><datafield ind1=' ' ind2=' ' tag='SID'><subfield code='a'>Z39</subfield><subfield code='b'>LOC</subfield></datafield><datafield ind1='0' ind2=' ' tag='090'><subfield code='b'>1</subfield></datafield></record>