
<record><leader>00000namZa22ZZZZZZaZ4500</leader><controlfield tag='001'>czu000044365</controlfield><controlfield tag='003'>CZ-PrCZU</controlfield><controlfield tag='005'>20081128134342.0</controlfield><controlfield tag='007'>ta</controlfield><controlfield tag='008'>040907s2004----xr-----f------000-0-cze--</controlfield><datafield ind1=' ' ind2=' ' tag='020'><subfield code='a'>80-7178-943-7 (brož.) :</subfield><subfield code='c'>Kč 199,00</subfield></datafield><datafield ind1=' ' ind2=' ' tag='035'><subfield code='a'>(OCoLC)85118384</subfield></datafield><datafield ind1=' ' ind2=' ' tag='040'><subfield code='a'>ABD026</subfield><subfield code='b'>cze</subfield></datafield><datafield ind1=' ' ind2=' ' tag='040'><subfield code='a'>ABA001</subfield><subfield code='b'>cze</subfield></datafield><datafield ind1='1' ind2=' ' tag='041'><subfield code='a'>cze</subfield><subfield code='h'>rus</subfield></datafield><datafield ind1=' ' ind2='7' tag='072'><subfield code='a'>159.9</subfield><subfield code='x'>Psychologie</subfield><subfield code='2'>Konspekt</subfield><subfield code='9'>17</subfield></datafield><datafield ind1=' ' ind2=' ' tag='080'><subfield code='a'>159.955</subfield><subfield code='2'>MRF</subfield></datafield><datafield ind1=' ' ind2=' ' tag='080'><subfield code='a'>159.946.3</subfield><subfield code='2'>MRF</subfield></datafield><datafield ind1=' ' ind2=' ' tag='080'><subfield code='a'>159.9</subfield><subfield code='2'>MRF</subfield></datafield><datafield ind1=' ' ind2=' ' tag='080'><subfield code='a'>37</subfield><subfield code='2'>MRF</subfield></datafield><datafield ind1=' ' ind2=' ' tag='080'><subfield code='a'>(048.8)</subfield><subfield code='2'>MRF</subfield></datafield><datafield ind1='1' ind2=' ' tag='100'><subfield code='a'>Vygotskij, Lev Semenovič,</subfield><subfield code='d'>1896-1934</subfield><subfield code='7'>jn19990210660</subfield><subfield code='4'>aut</subfield></datafield><datafield ind1='1' ind2='0' tag='245'><subfield code='a'>Psychologie myšlení a řeči /</subfield><subfield code='c'>Lev Semjonovič Vygotskij ; uspořádal, úvodním slovem a komentáři opatřil Jan Průcha ; [z vlastního překladu ruského originálu texty vybral ... Jan Průcha]</subfield></datafield><datafield ind1=' ' ind2=' ' tag='250'><subfield code='a'>Vyd. 1. (jako komentovaný výbor, Celkově v češtině 3.)</subfield></datafield><datafield ind1=' ' ind2=' ' tag='260'><subfield code='a'>Praha :</subfield><subfield code='b'>Portál,</subfield><subfield code='c'>2004</subfield></datafield><datafield ind1=' ' ind2=' ' tag='300'><subfield code='a'>135 s. ;</subfield><subfield code='c'>20 cm</subfield></datafield><datafield ind1='1' ind2=' ' tag='490'><subfield code='a'>Psychologie</subfield></datafield><datafield ind1=' ' ind2=' ' tag='541'><subfield code='a'>27P-pl.z 11220/1311/113101</subfield></datafield><datafield ind1=' ' ind2=' ' tag='504'><subfield code='a'>Obsahuje bibliografii</subfield></datafield><datafield ind1=' ' ind2=' ' tag='653'><subfield code='a'>PSYCHOLOGIE</subfield></datafield><datafield ind1='0' ind2='7' tag='650'><subfield code='a'>myšlení</subfield><subfield code='7'>ph115391</subfield><subfield code='x'>psychologické aspekty</subfield><subfield code='2'>czenas</subfield></datafield><datafield ind1='0' ind2='7' tag='650'><subfield code='a'>myšlení</subfield><subfield code='7'>ph115391</subfield><subfield code='x'>pedagogické aspekty</subfield><subfield code='2'>czenas</subfield></datafield><datafield ind1='0' ind2='7' tag='650'><subfield code='a'>řeč</subfield><subfield code='7'>ph117285</subfield><subfield code='x'>psychologické aspekty</subfield><subfield code='2'>czenas</subfield></datafield><datafield ind1='0' ind2='7' tag='650'><subfield code='a'>řeč</subfield><subfield code='7'>ph117285</subfield><subfield code='x'>pedagogické aspekty</subfield><subfield code='2'>czenas</subfield></datafield><datafield ind1='0' ind2='9' tag='650'><subfield code='a'>thought and thinking</subfield><subfield code='x'>psychological aspects</subfield><subfield code='2'>eczenas</subfield></datafield><datafield ind1='0' ind2='9' tag='650'><subfield code='a'>thought and thinking</subfield><subfield code='x'>educational aspects</subfield><subfield code='2'>eczenas</subfield></datafield><datafield ind1='0' ind2='9' tag='650'><subfield code='a'>speech</subfield><subfield code='x'>psychological aspects</subfield><subfield code='2'>eczenas</subfield></datafield><datafield ind1='0' ind2='9' tag='650'><subfield code='a'>speech</subfield><subfield code='x'>educational aspects</subfield><subfield code='2'>eczenas</subfield></datafield><datafield ind1=' ' ind2='7' tag='655'><subfield code='a'>studie</subfield><subfield code='7'>fd133597</subfield><subfield code='2'>czenas</subfield></datafield><datafield ind1=' ' ind2='9' tag='655'><subfield code='a'>studies</subfield><subfield code='2'>eczenas</subfield></datafield><datafield ind1='1' ind2=' ' tag='700'><subfield code='a'>Průcha, Jan,</subfield><subfield code='d'>1934-</subfield><subfield code='7'>jk01101419</subfield><subfield code='4'>aui</subfield><subfield code='4'>cmm</subfield><subfield code='4'>com</subfield><subfield code='4'>trl</subfield></datafield><datafield ind1=' ' ind2='0' tag='830'><subfield code='a'>Psychologie (Portál)</subfield></datafield><datafield ind1=' ' ind2=' ' tag='KPW'><subfield code='a'>27368</subfield></datafield><datafield ind1=' ' ind2=' ' tag='CAT'><subfield code='c'>20070705</subfield><subfield code='l'>CZU01</subfield><subfield code='h'>0922</subfield></datafield><datafield ind1=' ' ind2=' ' tag='CAT'><subfield code='c'>20080313</subfield><subfield code='l'>CZU01</subfield><subfield code='h'>1518</subfield></datafield><datafield ind1=' ' ind2=' ' tag='CAT'><subfield code='a'>BATELKOVA</subfield><subfield code='b'>20</subfield><subfield code='c'>20081128</subfield><subfield code='l'>CZU01</subfield><subfield code='h'>1342</subfield></datafield><datafield ind1=' ' ind2=' ' tag='CAT'><subfield code='a'>BATELKOVA</subfield><subfield code='b'>20</subfield><subfield code='c'>20081128</subfield><subfield code='l'>CZU01</subfield><subfield code='h'>1343</subfield></datafield><datafield ind1=' ' ind2=' ' tag='CAT'><subfield code='a'>BATCH-UPD</subfield><subfield code='b'>20</subfield><subfield code='c'>20091207</subfield><subfield code='l'>CZU01</subfield><subfield code='h'>2201</subfield></datafield><datafield ind1=' ' ind2=' ' tag='CAT'><subfield code='a'>batch</subfield><subfield code='b'>00</subfield><subfield code='c'>20120323</subfield><subfield code='l'>CZU01</subfield><subfield code='h'>1719</subfield></datafield><datafield ind1=' ' ind2=' ' tag='910'><subfield code='a'>ABD026</subfield></datafield><datafield ind1=' ' ind2=' ' tag='SID'><subfield code='a'>Z39</subfield><subfield code='b'>SKC-Z</subfield></datafield><datafield ind1='0' ind2=' ' tag='090'><subfield code='b'>1</subfield></datafield></record>