
<record><leader>00000namZa22ZZZZZZaZ4500</leader><controlfield tag='001'>czu000044144</controlfield><controlfield tag='003'>CZ-PrCZU</controlfield><controlfield tag='005'>20101222143959.0</controlfield><controlfield tag='007'>ta</controlfield><controlfield tag='008'>040601s2004----xr-----e------000-j-cze--</controlfield><datafield ind1=' ' ind2=' ' tag='015'><subfield code='a'>cnb001312995</subfield></datafield><datafield ind1=' ' ind2=' ' tag='020'><subfield code='a'>80-86379-63-9 (brož.) :</subfield><subfield code='c'>Kč 139,00</subfield></datafield><datafield ind1=' ' ind2=' ' tag='035'><subfield code='a'>(OCoLC)85103023</subfield></datafield><datafield ind1=' ' ind2=' ' tag='040'><subfield code='a'>ABA001</subfield><subfield code='b'>cze</subfield><subfield code='d'>ABD026</subfield></datafield><datafield ind1='1' ind2=' ' tag='041'><subfield code='a'>cze</subfield><subfield code='a'>eng</subfield><subfield code='h'>eng</subfield></datafield><datafield ind1=' ' ind2='7' tag='072'><subfield code='a'>811.111</subfield><subfield code='x'>Angličtina</subfield><subfield code='2'>Konspekt</subfield><subfield code='9'>11</subfield></datafield><datafield ind1=' ' ind2='7' tag='072'><subfield code='a'>821.111(73)-3</subfield><subfield code='x'>Americká próza</subfield><subfield code='2'>Konspekt</subfield><subfield code='9'>25</subfield></datafield><datafield ind1=' ' ind2=' ' tag='080'><subfield code='a'>821.111(73)-32</subfield><subfield code='2'>MRF</subfield></datafield><datafield ind1=' ' ind2=' ' tag='080'><subfield code='a'>811.111</subfield><subfield code='2'>MRF</subfield></datafield><datafield ind1=' ' ind2=' ' tag='080'><subfield code='a'>811.162.3</subfield><subfield code='2'>MRF</subfield></datafield><datafield ind1=' ' ind2=' ' tag='080'><subfield code='a'>81&apos;24</subfield><subfield code='2'>MRF</subfield></datafield><datafield ind1=' ' ind2=' ' tag='080'><subfield code='a'>(0:82-321.5)</subfield><subfield code='2'>MRF</subfield></datafield><datafield ind1=' ' ind2=' ' tag='080'><subfield code='a'>(0.027)=030</subfield><subfield code='2'>MRF</subfield></datafield><datafield ind1='1' ind2=' ' tag='100'><subfield code='a'>Twain, Mark,</subfield><subfield code='d'>1835-1910</subfield><subfield code='7'>jn19981002263</subfield><subfield code='4'>aut</subfield></datafield><datafield ind1='1' ind2='0' tag='240'><subfield code='a'>Celebrated jumping frog of Calaveras County.</subfield><subfield code='l'>Česky &amp; Anglicky</subfield></datafield><datafield ind1='1' ind2='4' tag='245'><subfield code='a'>The jumping frog =</subfield><subfield code='b'>Skákavý žabák /</subfield><subfield code='c'>Mark Twain ; [přeložil Zdeněk Urbánek]</subfield></datafield><datafield ind1='3' ind2='1' tag='246'><subfield code='a'>Skákavý žabák</subfield></datafield><datafield ind1=' ' ind2=' ' tag='260'><subfield code='a'>[Praha] :</subfield><subfield code='b'>Garamond,</subfield><subfield code='c'>[2004]</subfield></datafield><datafield ind1=' ' ind2=' ' tag='300'><subfield code='a'>129 s. ;</subfield><subfield code='c'>18 cm</subfield></datafield><datafield ind1='1' ind2=' ' tag='490'><subfield code='a'>Bilingual text with commentary</subfield></datafield><datafield ind1=' ' ind2=' ' tag='500'><subfield code='a'>Souběžný český text</subfield></datafield><datafield ind1='0' ind2='7' tag='650'><subfield code='a'>angličtina</subfield><subfield code='7'>ph114056</subfield><subfield code='2'>czenas</subfield></datafield><datafield ind1='0' ind2='7' tag='650'><subfield code='a'>čeština</subfield><subfield code='7'>ph135292</subfield><subfield code='2'>czenas</subfield></datafield><datafield ind1='0' ind2='7' tag='650'><subfield code='a'>jazyková výuka</subfield><subfield code='7'>ph162894</subfield><subfield code='2'>czenas</subfield></datafield><datafield ind1='0' ind2='9' tag='650'><subfield code='a'>English language</subfield><subfield code='2'>eczenas</subfield></datafield><datafield ind1='0' ind2='9' tag='650'><subfield code='a'>Czech language</subfield><subfield code='2'>eczenas</subfield></datafield><datafield ind1='0' ind2='9' tag='650'><subfield code='a'>language teaching and learning</subfield><subfield code='2'>eczenas</subfield></datafield><datafield ind1=' ' ind2='7' tag='655'><subfield code='a'>americké povídky</subfield><subfield code='7'>fd131793</subfield><subfield code='2'>czenas</subfield></datafield><datafield ind1=' ' ind2='7' tag='655'><subfield code='a'>humoristické povídky</subfield><subfield code='7'>fd132428</subfield><subfield code='2'>czenas</subfield></datafield><datafield ind1=' ' ind2='7' tag='655'><subfield code='a'>dvojjazyčná vydání</subfield><subfield code='7'>fd194533</subfield><subfield code='2'>czenas</subfield></datafield><datafield ind1=' ' ind2='9' tag='655'><subfield code='a'>American short stories</subfield><subfield code='2'>eczenas</subfield></datafield><datafield ind1=' ' ind2='9' tag='655'><subfield code='a'>humorous short stories</subfield><subfield code='2'>eczenas</subfield></datafield><datafield ind1=' ' ind2='9' tag='655'><subfield code='a'>bilingual editions</subfield><subfield code='2'>eczenas</subfield></datafield><datafield ind1='1' ind2=' ' tag='700'><subfield code='a'>Urbánek, Zdeněk,</subfield><subfield code='d'>1917-2008</subfield><subfield code='7'>jk01140872</subfield><subfield code='4'>trl</subfield></datafield><datafield ind1=' ' ind2='0' tag='830'><subfield code='a'>Bilingual text with commentary</subfield><subfield code='0'>s</subfield></datafield><datafield ind1=' ' ind2=' ' tag='KPW'><subfield code='a'>27100</subfield></datafield><datafield ind1=' ' ind2=' ' tag='CAT'><subfield code='c'>20070705</subfield><subfield code='l'>CZU01</subfield><subfield code='h'>0922</subfield></datafield><datafield ind1=' ' ind2=' ' tag='CAT'><subfield code='c'>20080313</subfield><subfield code='l'>CZU01</subfield><subfield code='h'>1518</subfield></datafield><datafield ind1=' ' ind2=' ' tag='CAT'><subfield code='a'>BATCH</subfield><subfield code='b'>00</subfield><subfield code='c'>20091216</subfield><subfield code='l'>CZU01</subfield><subfield code='h'>1510</subfield></datafield><datafield ind1=' ' ind2=' ' tag='CAT'><subfield code='a'>KULHAVA</subfield><subfield code='b'>20</subfield><subfield code='c'>20101222</subfield><subfield code='l'>CZU01</subfield><subfield code='h'>1439</subfield></datafield><datafield ind1=' ' ind2=' ' tag='CAT'><subfield code='a'>batch</subfield><subfield code='b'>00</subfield><subfield code='c'>20120323</subfield><subfield code='l'>CZU01</subfield><subfield code='h'>1719</subfield></datafield><datafield ind1=' ' ind2=' ' tag='910'><subfield code='a'>ABD026</subfield></datafield><datafield ind1=' ' ind2=' ' tag='SID'><subfield code='a'>Z39</subfield><subfield code='b'>NKC-Z-SN</subfield></datafield><datafield ind1='0' ind2=' ' tag='090'><subfield code='b'>1</subfield></datafield></record>