
<record><leader>ZZZZZnamZa22ZZZZZZaZ4500</leader><controlfield tag='001'>czu000044017</controlfield><controlfield tag='003'>CZ-PrCZU</controlfield><controlfield tag='005'>20050503145518.0</controlfield><controlfield tag='008'>040915s1939----xr------------------cze--</controlfield><datafield ind1=' ' ind2=' ' tag='040'><subfield code='a'>ABD026</subfield><subfield code='b'>cze</subfield></datafield><datafield ind1='0' ind2='0' tag='245'><subfield code='a'>Fotografický obzor 1939 :</subfield><subfield code='b'>ročník XLVII. -</subfield></datafield><datafield ind1=' ' ind2=' ' tag='260'><subfield code='a'>Praha :</subfield><subfield code='b'>Politika,</subfield><subfield code='c'>1939</subfield></datafield><datafield ind1=' ' ind2=' ' tag='653'><subfield code='a'>FOTOGRAFOVÁNÍ</subfield></datafield><datafield ind1=' ' ind2=' ' tag='996'><subfield code='a'>VB</subfield><subfield code='b'>0</subfield></datafield><datafield ind1=' ' ind2=' ' tag='KPW'><subfield code='a'>26948</subfield></datafield><datafield ind1=' ' ind2=' ' tag='CAT'><subfield code='c'>20070705</subfield><subfield code='l'>CZU01</subfield><subfield code='h'>0922</subfield></datafield><datafield ind1=' ' ind2=' ' tag='CAT'><subfield code='c'>20080313</subfield><subfield code='l'>CZU01</subfield><subfield code='h'>1518</subfield></datafield><datafield ind1=' ' ind2=' ' tag='CAT'><subfield code='a'>BATCH-UPD</subfield><subfield code='b'>00</subfield><subfield code='c'>20091216</subfield><subfield code='l'>CZU01</subfield><subfield code='h'>1126</subfield></datafield><datafield ind1=' ' ind2=' ' tag='CAT'><subfield code='a'>batch</subfield><subfield code='b'>00</subfield><subfield code='c'>20120323</subfield><subfield code='l'>CZU01</subfield><subfield code='h'>1719</subfield></datafield><datafield ind1=' ' ind2=' ' tag='910'><subfield code='a'>ABD026</subfield></datafield><datafield ind1='0' ind2=' ' tag='090'><subfield code='b'>1</subfield></datafield></record>