
<record><leader>00000namZa22ZZZZZZaZ4500</leader><controlfield tag='001'>czu000044015</controlfield><controlfield tag='003'>CZ-PrCZU</controlfield><controlfield tag='005'>20101222110046.0</controlfield><controlfield tag='008'>040915s2004----xr------------------cze--</controlfield><datafield ind1=' ' ind2=' ' tag='020'><subfield code='a'>80-88905-92-3</subfield></datafield><datafield ind1=' ' ind2=' ' tag='040'><subfield code='a'>ABD026</subfield><subfield code='b'>cze</subfield></datafield><datafield ind1='1' ind2=' ' tag='100'><subfield code='a'>Dubois Petroff, Marie-Pierre</subfield><subfield code='7'>xx0013266</subfield></datafield><datafield ind1='1' ind2='0' tag='245'><subfield code='a'>Krby a kamna /</subfield><subfield code='c'>Marie-Pierre Duboisová Petroffová, Vladimír Institoris</subfield></datafield><datafield ind1=' ' ind2=' ' tag='250'><subfield code='a'>1. vyd.</subfield></datafield><datafield ind1=' ' ind2=' ' tag='260'><subfield code='a'>Bratislava :</subfield><subfield code='b'>Jaga group,</subfield><subfield code='c'>2004</subfield></datafield><datafield ind1=' ' ind2=' ' tag='300'><subfield code='a'>167 s.</subfield></datafield><datafield ind1=' ' ind2='7' tag='650'><subfield code='a'>krby</subfield><subfield code='7'>ph121935</subfield><subfield code='2'>czenas</subfield></datafield><datafield ind1='1' ind2=' ' tag='700'><subfield code='a'>Institoris, Vladimír,</subfield><subfield code='d'>1953-</subfield><subfield code='7'>xx0022775</subfield></datafield><datafield ind1=' ' ind2=' ' tag='KPW'><subfield code='a'>26946</subfield></datafield><datafield ind1=' ' ind2=' ' tag='CAT'><subfield code='c'>20070705</subfield><subfield code='l'>CZU01</subfield><subfield code='h'>0922</subfield></datafield><datafield ind1=' ' ind2=' ' tag='CAT'><subfield code='c'>20080313</subfield><subfield code='l'>CZU01</subfield><subfield code='h'>1518</subfield></datafield><datafield ind1=' ' ind2=' ' tag='CAT'><subfield code='a'>BATCH-UPD</subfield><subfield code='b'>00</subfield><subfield code='c'>20091216</subfield><subfield code='l'>CZU01</subfield><subfield code='h'>1126</subfield></datafield><datafield ind1=' ' ind2=' ' tag='CAT'><subfield code='a'>BATCH</subfield><subfield code='b'>00</subfield><subfield code='c'>20091216</subfield><subfield code='l'>CZU01</subfield><subfield code='h'>1510</subfield></datafield><datafield ind1=' ' ind2=' ' tag='CAT'><subfield code='a'>KULHAVA</subfield><subfield code='b'>20</subfield><subfield code='c'>20101222</subfield><subfield code='l'>CZU01</subfield><subfield code='h'>1100</subfield></datafield><datafield ind1=' ' ind2=' ' tag='CAT'><subfield code='a'>batch</subfield><subfield code='b'>00</subfield><subfield code='c'>20120323</subfield><subfield code='l'>CZU01</subfield><subfield code='h'>1719</subfield></datafield><datafield ind1=' ' ind2=' ' tag='910'><subfield code='a'>ABD026</subfield></datafield><datafield ind1='0' ind2=' ' tag='090'><subfield code='b'>1</subfield></datafield></record>