
<record><leader>00000namZa22ZZZZZZaZ4500</leader><controlfield tag='001'>czu000043800</controlfield><controlfield tag='003'>CZ-PrCZU</controlfield><controlfield tag='005'>20100901131059.0</controlfield><controlfield tag='008'>980115s1957----xr------------------cze--</controlfield><datafield ind1=' ' ind2=' ' tag='015'><subfield code='a'>cnb000511575</subfield></datafield><datafield ind1=' ' ind2=' ' tag='035'><subfield code='a'>(OCoLC)85318420</subfield></datafield><datafield ind1=' ' ind2=' ' tag='040'><subfield code='a'>ABA001</subfield><subfield code='b'>cze</subfield><subfield code='c'>KLG001</subfield><subfield code='d'>ABA001</subfield><subfield code='d'>ABD026</subfield></datafield><datafield ind1='1' ind2=' ' tag='100'><subfield code='a'>Šalda, Jaroslav,</subfield><subfield code='d'>1912-1989</subfield><subfield code='7'>jk01122428</subfield><subfield code='4'>aut</subfield></datafield><datafield ind1='1' ind2='0' tag='245'><subfield code='a'>Od rukopisu ke knize a časopisu /</subfield><subfield code='c'>Autor: Jaroslav Šalda</subfield></datafield><datafield ind1=' ' ind2=' ' tag='250'><subfield code='a'>1. vyd.</subfield></datafield><datafield ind1=' ' ind2=' ' tag='260'><subfield code='a'>Praha :</subfield><subfield code='b'>SNTL,</subfield><subfield code='c'>1957</subfield><subfield code='f'>(Praž. tisk., z.z.)</subfield></datafield><datafield ind1=' ' ind2=' ' tag='300'><subfield code='a'>263, [1] s. :</subfield><subfield code='b'>[4] s. barev. obr. příl. ;</subfield><subfield code='c'>8°</subfield></datafield><datafield ind1='1' ind2=' ' tag='490'><subfield code='a'>Řada polygrafické literatury</subfield></datafield><datafield ind1=' ' ind2=' ' tag='500'><subfield code='a'>Pozn.</subfield></datafield><datafield ind1=' ' ind2=' ' tag='500'><subfield code='a'>S il. a fot. v textu</subfield></datafield><datafield ind1=' ' ind2=' ' tag='500'><subfield code='a'>3200 výt.</subfield></datafield><datafield ind1=' ' ind2=' ' tag='500'><subfield code='a'>Bibliogr.</subfield></datafield><datafield ind1=' ' ind2=' ' tag='500'><subfield code='a'>Přehl. čs. norem</subfield></datafield><datafield ind1=' ' ind2=' ' tag='500'><subfield code='a'>Jmenný a věcný rejstřík</subfield></datafield><datafield ind1=' ' ind2=' ' tag='520'><subfield code='a'>Praktická, instruktivní příručka věnovaná všem, kdož přicházejí ve styk s knihou a tiskem vůbec. Pojednává o písmu, vzniku tisku, vývoji a charakteristice tiskových technik, o rukopisu a jeho úpravě pro tisk, o sazbě knih a časopisů, o rozčlenění, lámání a úpravě knih, o obrázcích, druzích tisku, papírech aj.</subfield></datafield><datafield ind1=' ' ind2='0' tag='830'><subfield code='a'>Řada polygrafické literatury</subfield></datafield><datafield ind1=' ' ind2=' ' tag='KPW'><subfield code='a'>26648</subfield></datafield><datafield ind1=' ' ind2=' ' tag='CAT'><subfield code='c'>20070705</subfield><subfield code='l'>CZU01</subfield><subfield code='h'>0921</subfield></datafield><datafield ind1=' ' ind2=' ' tag='CAT'><subfield code='c'>20080313</subfield><subfield code='l'>CZU01</subfield><subfield code='h'>1518</subfield></datafield><datafield ind1=' ' ind2=' ' tag='CAT'><subfield code='a'>BATCH-UPD</subfield><subfield code='b'>00</subfield><subfield code='c'>20091216</subfield><subfield code='l'>CZU01</subfield><subfield code='h'>1126</subfield></datafield><datafield ind1=' ' ind2=' ' tag='CAT'><subfield code='a'>BATCH</subfield><subfield code='b'>00</subfield><subfield code='c'>20091216</subfield><subfield code='l'>CZU01</subfield><subfield code='h'>1510</subfield></datafield><datafield ind1=' ' ind2=' ' tag='CAT'><subfield code='a'>KULHAVA</subfield><subfield code='b'>20</subfield><subfield code='c'>20100901</subfield><subfield code='l'>CZU01</subfield><subfield code='h'>1310</subfield></datafield><datafield ind1=' ' ind2=' ' tag='910'><subfield code='a'>ABD026</subfield></datafield><datafield ind1=' ' ind2=' ' tag='SID'><subfield code='a'>Z39</subfield><subfield code='b'>NKC-Z</subfield></datafield><datafield ind1='0' ind2=' ' tag='090'><subfield code='b'>1</subfield></datafield></record>