
<record><leader>00000namZa22ZZZZZZaZ4500</leader><controlfield tag='001'>czu000043180</controlfield><controlfield tag='003'>CZ-PrCZU</controlfield><controlfield tag='005'>20140521102125.0</controlfield><controlfield tag='008'>040729s2002----xr-----e------------cze--</controlfield><datafield ind1=' ' ind2=' ' tag='020'><subfield code='a'>80-7226-563-6 (brož.) :</subfield><subfield code='c'>239</subfield></datafield><datafield ind1=' ' ind2=' ' tag='040'><subfield code='a'>LIA001</subfield><subfield code='b'>cze</subfield><subfield code='d'>ABD026</subfield></datafield><datafield ind1=' ' ind2=' ' tag='080'><subfield code='a'>004.9</subfield><subfield code='2'>MRF</subfield></datafield><datafield ind1=' ' ind2=' ' tag='080'><subfield code='a'>004.4</subfield><subfield code='2'>MRF</subfield></datafield><datafield ind1='1' ind2=' ' tag='100'><subfield code='a'>Vostrý, Petr,</subfield><subfield code='d'>1980-</subfield><subfield code='7'>mzk2002145282</subfield><subfield code='4'>aut</subfield></datafield><datafield ind1='1' ind2='0' tag='245'><subfield code='a'>Macromedia Dreamweaver 4 :</subfield><subfield code='b'>podrobná uživatelská příručka /</subfield><subfield code='c'>Petr Vostrý</subfield></datafield><datafield ind1=' ' ind2=' ' tag='250'><subfield code='a'>2. rozš. vyd.</subfield></datafield><datafield ind1=' ' ind2=' ' tag='260'><subfield code='a'>Praha :</subfield><subfield code='b'>Computer Press,</subfield><subfield code='c'>2002</subfield></datafield><datafield ind1=' ' ind2=' ' tag='300'><subfield code='a'>xiv, 192 s. :</subfield><subfield code='b'>il.</subfield></datafield><datafield ind1='1' ind2=' ' tag='490'><subfield code='a'>Pro každého uživatele</subfield></datafield><datafield ind1='1' ind2=' ' tag='490'><subfield code='a'>Dtp &amp; grafika</subfield></datafield><datafield ind1=' ' ind2=' ' tag='500'><subfield code='a'>Přílohou knihy je CD-ROM na sign. CR 929</subfield></datafield><datafield ind1=' ' ind2=' ' tag='504'><subfield code='a'>Obsahuje rejstřík</subfield></datafield><datafield ind1=' ' ind2='7' tag='650'><subfield code='a'>Dreamweaver 4</subfield><subfield code='7'>ph138721</subfield><subfield code='2'>czenas</subfield></datafield><datafield ind1='0' ind2='4' tag='650'><subfield code='a'>grafické počítačové programy</subfield></datafield><datafield ind1='0' ind2='4' tag='650'><subfield code='a'>příručky</subfield></datafield><datafield ind1='0' ind2='7' tag='650'><subfield code='a'>Dreamweaver 4</subfield><subfield code='7'>ph138721</subfield><subfield code='2'>czenas</subfield></datafield><datafield ind1='0' ind2=' ' tag='770'><subfield code='t'>Macromedia Dreamweaver 4</subfield></datafield><datafield ind1=' ' ind2='0' tag='830'><subfield code='a'>Pro každého uživatele</subfield></datafield><datafield ind1=' ' ind2='0' tag='830'><subfield code='a'>Dtp &amp; grafika</subfield></datafield><datafield ind1=' ' ind2=' ' tag='KPW'><subfield code='a'>25914</subfield></datafield><datafield ind1=' ' ind2=' ' tag='CAT'><subfield code='c'>20070705</subfield><subfield code='l'>CZU01</subfield><subfield code='h'>0921</subfield></datafield><datafield ind1=' ' ind2=' ' tag='CAT'><subfield code='c'>20080313</subfield><subfield code='l'>CZU01</subfield><subfield code='h'>1518</subfield></datafield><datafield ind1=' ' ind2=' ' tag='CAT'><subfield code='a'>BATCH-UPD</subfield><subfield code='b'>00</subfield><subfield code='c'>20091216</subfield><subfield code='l'>CZU01</subfield><subfield code='h'>1125</subfield></datafield><datafield ind1=' ' ind2=' ' tag='CAT'><subfield code='a'>BATCH</subfield><subfield code='b'>00</subfield><subfield code='c'>20091216</subfield><subfield code='l'>CZU01</subfield><subfield code='h'>1509</subfield></datafield><datafield ind1=' ' ind2=' ' tag='CAT'><subfield code='a'>KULHAVA</subfield><subfield code='b'>20</subfield><subfield code='c'>20101209</subfield><subfield code='l'>CZU01</subfield><subfield code='h'>1336</subfield></datafield><datafield ind1=' ' ind2=' ' tag='CAT'><subfield code='a'>batch</subfield><subfield code='b'>00</subfield><subfield code='c'>20120323</subfield><subfield code='l'>CZU01</subfield><subfield code='h'>1719</subfield></datafield><datafield ind1=' ' ind2=' ' tag='CAT'><subfield code='a'>KULHAVA</subfield><subfield code='b'>20</subfield><subfield code='c'>20140521</subfield><subfield code='l'>CZU01</subfield><subfield code='h'>1021</subfield></datafield><datafield ind1=' ' ind2=' ' tag='910'><subfield code='a'>ABD026</subfield></datafield><datafield ind1=' ' ind2=' ' tag='SID'><subfield code='a'>Z39</subfield><subfield code='b'>SKC-Z</subfield></datafield><datafield ind1='0' ind2=' ' tag='090'><subfield code='b'>1</subfield></datafield></record>