
<record><leader>00000namZa22ZZZZZZaZ4500</leader><controlfield tag='001'>czu000043178</controlfield><controlfield tag='003'>CZ-PrCZU</controlfield><controlfield tag='005'>20120627103859.0</controlfield><controlfield tag='007'>tu</controlfield><controlfield tag='008'>010424s2001----xr-a---e------001-0-cze--</controlfield><datafield ind1=' ' ind2=' ' tag='015'><subfield code='a'>cnb000888331</subfield></datafield><datafield ind1=' ' ind2=' ' tag='020'><subfield code='a'>80-7226-448-6 (brož.) :</subfield><subfield code='c'>Kč 490,00</subfield></datafield><datafield ind1=' ' ind2=' ' tag='035'><subfield code='a'>(OCoLC)85010147</subfield></datafield><datafield ind1=' ' ind2=' ' tag='040'><subfield code='a'>ULG001</subfield><subfield code='b'>cze</subfield><subfield code='d'>ABA001</subfield><subfield code='d'>ABD026</subfield></datafield><datafield ind1='1' ind2=' ' tag='041'><subfield code='a'>cze</subfield><subfield code='h'>eng</subfield></datafield><datafield ind1=' ' ind2='7' tag='072'><subfield code='a'>004.4/.6</subfield><subfield code='x'>Programové vybavení. Programové prostředky</subfield><subfield code='2'>Konspekt</subfield><subfield code='9'>23</subfield></datafield><datafield ind1=' ' ind2=' ' tag='080'><subfield code='a'>004.42MySQL</subfield><subfield code='2'>MRF</subfield></datafield><datafield ind1=' ' ind2=' ' tag='080'><subfield code='a'>004.65</subfield><subfield code='2'>MRF</subfield></datafield><datafield ind1=' ' ind2=' ' tag='080'><subfield code='a'>004.652.4</subfield><subfield code='2'>MRF</subfield></datafield><datafield ind1=' ' ind2=' ' tag='080'><subfield code='a'>(035)</subfield><subfield code='2'>MRF</subfield></datafield><datafield ind1='1' ind2=' ' tag='100'><subfield code='a'>Maslakowski, Mark</subfield><subfield code='7'>kv2011639656</subfield><subfield code='4'>aut</subfield></datafield><datafield ind1='1' ind2='0' tag='245'><subfield code='a'>Naučte se MySQL za 21 dní /</subfield><subfield code='c'>Mark Maslakowski</subfield></datafield><datafield ind1=' ' ind2=' ' tag='250'><subfield code='a'>Vyd. 1.</subfield></datafield><datafield ind1=' ' ind2=' ' tag='260'><subfield code='a'>Praha :</subfield><subfield code='b'>Computer Press,</subfield><subfield code='c'>2001</subfield></datafield><datafield ind1=' ' ind2=' ' tag='300'><subfield code='a'>xxviii, 478 s. :</subfield><subfield code='b'>il. ;</subfield><subfield code='c'>23 cm +</subfield><subfield code='e'>1 CD-ROM</subfield></datafield><datafield ind1='1' ind2=' ' tag='490'><subfield code='a'>Databáze. Pro každého uživatele</subfield></datafield><datafield ind1=' ' ind2=' ' tag='500'><subfield code='a'>Přeloženo z angličtiny</subfield></datafield><datafield ind1=' ' ind2=' ' tag='504'><subfield code='a'>Obsahuje rejstřík</subfield></datafield><datafield ind1='0' ind2='7' tag='650'><subfield code='a'>relační databáze</subfield><subfield code='7'>ph125110</subfield><subfield code='2'>czenas</subfield></datafield><datafield ind1='0' ind2='7' tag='650'><subfield code='a'>MySQL</subfield><subfield code='7'>ph136816</subfield><subfield code='2'>czenas</subfield></datafield><datafield ind1='0' ind2='7' tag='650'><subfield code='a'>databázové systémy</subfield><subfield code='7'>ph114296</subfield><subfield code='2'>czenas</subfield></datafield><datafield ind1='0' ind2='9' tag='650'><subfield code='a'>Database management</subfield><subfield code='2'>eczenas</subfield></datafield><datafield ind1='0' ind2='9' tag='650'><subfield code='a'>relational databases</subfield><subfield code='2'>eczenas</subfield></datafield><datafield ind1=' ' ind2='7' tag='655'><subfield code='a'>příručky</subfield><subfield code='7'>fd133209</subfield><subfield code='2'>czenas</subfield></datafield><datafield ind1='0' ind2=' ' tag='765'><subfield code='t'>Teach yourself MySQL in 21 days</subfield><subfield code='9'>Česky</subfield></datafield><datafield ind1=' ' ind2='0' tag='830'><subfield code='a'>Databáze.</subfield><subfield code='p'>Pro každého uživatele</subfield></datafield><datafield ind1=' ' ind2=' ' tag='KPW'><subfield code='a'>25912</subfield></datafield><datafield ind1=' ' ind2=' ' tag='CAT'><subfield code='c'>20070705</subfield><subfield code='l'>CZU01</subfield><subfield code='h'>0921</subfield></datafield><datafield ind1=' ' ind2=' ' tag='CAT'><subfield code='c'>20080313</subfield><subfield code='l'>CZU01</subfield><subfield code='h'>1518</subfield></datafield><datafield ind1=' ' ind2=' ' tag='CAT'><subfield code='a'>BATCH-UPD</subfield><subfield code='b'>00</subfield><subfield code='c'>20091216</subfield><subfield code='l'>CZU01</subfield><subfield code='h'>1125</subfield></datafield><datafield ind1=' ' ind2=' ' tag='CAT'><subfield code='a'>BATCH</subfield><subfield code='b'>00</subfield><subfield code='c'>20091216</subfield><subfield code='l'>CZU01</subfield><subfield code='h'>1509</subfield></datafield><datafield ind1=' ' ind2=' ' tag='CAT'><subfield code='a'>KULHAVA</subfield><subfield code='b'>20</subfield><subfield code='c'>20101209</subfield><subfield code='l'>CZU01</subfield><subfield code='h'>1321</subfield></datafield><datafield ind1=' ' ind2=' ' tag='CAT'><subfield code='a'>batch</subfield><subfield code='b'>00</subfield><subfield code='c'>20120323</subfield><subfield code='l'>CZU01</subfield><subfield code='h'>1719</subfield></datafield><datafield ind1=' ' ind2=' ' tag='CAT'><subfield code='a'>KULHAVA</subfield><subfield code='b'>20</subfield><subfield code='c'>20120627</subfield><subfield code='l'>CZU01</subfield><subfield code='h'>1038</subfield></datafield><datafield ind1=' ' ind2=' ' tag='910'><subfield code='a'>ABD026</subfield></datafield><datafield ind1=' ' ind2=' ' tag='SID'><subfield code='a'>Z39</subfield><subfield code='b'>NKC-Z-SN</subfield></datafield><datafield ind1='0' ind2=' ' tag='090'><subfield code='b'>1</subfield></datafield></record>