
<record><leader>00000namZa22ZZZZZZaZ4500</leader><controlfield tag='001'>czu000043129</controlfield><controlfield tag='003'>CZ-PrCZU</controlfield><controlfield tag='005'>20090921104206.0</controlfield><controlfield tag='007'>tu</controlfield><controlfield tag='008'>040210s2003----xr-----e------001-0-cze--</controlfield><datafield ind1=' ' ind2=' ' tag='020'><subfield code='a'>80-86497-56-9 (brož.) :</subfield><subfield code='c'>Kč 690,00</subfield></datafield><datafield ind1=' ' ind2=' ' tag='035'><subfield code='a'>(OCoLC)56870226</subfield></datafield><datafield ind1=' ' ind2=' ' tag='040'><subfield code='a'>ABA001</subfield><subfield code='b'>cze</subfield><subfield code='d'>ABD026</subfield></datafield><datafield ind1='1' ind2=' ' tag='041'><subfield code='a'>cze</subfield><subfield code='h'>eng</subfield></datafield><datafield ind1=' ' ind2='7' tag='072'><subfield code='a'>004.4/.6</subfield><subfield code='x'>Programové vybavení. Programové prostředky</subfield><subfield code='2'>Konspekt</subfield><subfield code='9'>23</subfield></datafield><datafield ind1=' ' ind2=' ' tag='080'><subfield code='a'>004.438C</subfield><subfield code='2'>MRF</subfield></datafield><datafield ind1=' ' ind2=' ' tag='080'><subfield code='a'>004.421</subfield><subfield code='2'>MRF</subfield></datafield><datafield ind1=' ' ind2=' ' tag='080'><subfield code='a'>(035)</subfield><subfield code='2'>MRF</subfield></datafield><datafield ind1='1' ind2=' ' tag='100'><subfield code='a'>Sedgewick, Robert,</subfield><subfield code='d'>1946-</subfield><subfield code='7'>xx0012832</subfield><subfield code='4'>aut</subfield></datafield><datafield ind1='1' ind2='0' tag='245'><subfield code='a'>Algoritmy v C.</subfield><subfield code='n'>Části 1-4 /</subfield><subfield code='c'>Robert Sedgewick</subfield></datafield><datafield ind1=' ' ind2=' ' tag='260'><subfield code='a'>Praha :</subfield><subfield code='b'>Softpress,</subfield><subfield code='c'>2003</subfield></datafield><datafield ind1=' ' ind2=' ' tag='300'><subfield code='a'>688 s. ;</subfield><subfield code='c'>24 cm</subfield></datafield><datafield ind1=' ' ind2=' ' tag='500'><subfield code='a'>Přeloženo z angličtiny</subfield></datafield><datafield ind1=' ' ind2=' ' tag='504'><subfield code='a'>Obsahuje bibliografii a rejstřík</subfield></datafield><datafield ind1='0' ind2=' ' tag='505'><subfield code='a'>Část 1. Základy -- Část 2. Datové struktury -- Část 3. Třídění -- Část 4. Vyhledávání</subfield></datafield><datafield ind1='0' ind2='7' tag='650'><subfield code='a'>C (programovací jazyk)</subfield><subfield code='7'>ph116955</subfield><subfield code='2'>czenas</subfield></datafield><datafield ind1='0' ind2='7' tag='650'><subfield code='a'>programovací jazyky</subfield><subfield code='7'>ph115890</subfield><subfield code='2'>czenas</subfield></datafield><datafield ind1='0' ind2='7' tag='650'><subfield code='a'>algoritmy (programování)</subfield><subfield code='7'>ph131788</subfield><subfield code='2'>czenas</subfield></datafield><datafield ind1='0' ind2='9' tag='650'><subfield code='a'>C (Computer program language)</subfield><subfield code='2'>eczenas</subfield></datafield><datafield ind1='0' ind2='9' tag='650'><subfield code='a'>computer algorithms</subfield><subfield code='2'>eczenas</subfield></datafield><datafield ind1=' ' ind2='7' tag='655'><subfield code='a'>příručky</subfield><subfield code='7'>fd133209</subfield><subfield code='2'>czenas</subfield></datafield><datafield ind1=' ' ind2='9' tag='655'><subfield code='a'>handbooks, manuals, etc.</subfield><subfield code='2'>eczenas</subfield></datafield><datafield ind1=' ' ind2=' ' tag='KPW'><subfield code='a'>25859</subfield></datafield><datafield ind1=' ' ind2=' ' tag='CAT'><subfield code='c'>20070705</subfield><subfield code='l'>CZU01</subfield><subfield code='h'>0921</subfield></datafield><datafield ind1=' ' ind2=' ' tag='CAT'><subfield code='c'>20080313</subfield><subfield code='l'>CZU01</subfield><subfield code='h'>1518</subfield></datafield><datafield ind1=' ' ind2=' ' tag='CAT'><subfield code='a'>KULHAVA</subfield><subfield code='b'>20</subfield><subfield code='c'>20090921</subfield><subfield code='l'>CZU01</subfield><subfield code='h'>1042</subfield></datafield><datafield ind1=' ' ind2=' ' tag='CAT'><subfield code='a'>batch</subfield><subfield code='b'>00</subfield><subfield code='c'>20120323</subfield><subfield code='l'>CZU01</subfield><subfield code='h'>1719</subfield></datafield><datafield ind1=' ' ind2=' ' tag='910'><subfield code='a'>ABD026</subfield></datafield><datafield ind1=' ' ind2=' ' tag='SID'><subfield code='a'>Z39</subfield><subfield code='b'>NKC-Z-SN</subfield></datafield><datafield ind1='0' ind2=' ' tag='090'><subfield code='b'>1</subfield></datafield></record>