
<record><leader>00000camZa22ZZZZZZaZ4500</leader><controlfield tag='001'>czu000042804</controlfield><controlfield tag='003'>CZ-PrCZU</controlfield><controlfield tag='005'>20140411090621.0</controlfield><controlfield tag='008'>970617s1997----ne-a-----b----001-0-eng--</controlfield><datafield ind1=' ' ind2=' ' tag='020'><subfield code='a'>0792346815 (acid-free paper)</subfield></datafield><datafield ind1=' ' ind2=' ' tag='040'><subfield code='a'>DLC</subfield><subfield code='c'>DLC</subfield><subfield code='d'>DLC</subfield><subfield code='d'>ABD026</subfield></datafield><datafield ind1='0' ind2='0' tag='050'><subfield code='a'>T57.95</subfield><subfield code='b'>.L66 1997</subfield></datafield><datafield ind1=' ' ind2='7' tag='072'><subfield code='a'>51</subfield><subfield code='x'>Matematika</subfield><subfield code='2'>Konspekt</subfield><subfield code='9'>13</subfield></datafield><datafield ind1=' ' ind2=' ' tag='080'><subfield code='a'>51-7</subfield><subfield code='2'>MRF</subfield></datafield><datafield ind1='1' ind2=' ' tag='100'><subfield code='a'>Lootsma, Freerk A.,</subfield><subfield code='d'>1936-</subfield></datafield><datafield ind1='1' ind2='0' tag='245'><subfield code='a'>Fuzzy logic for planning and decision making /</subfield><subfield code='c'>by Freerk A. Lootsma.</subfield></datafield><datafield ind1=' ' ind2=' ' tag='250'><subfield code='a'>1. vyd.</subfield></datafield><datafield ind1=' ' ind2=' ' tag='260'><subfield code='a'>Dordrecht ;</subfield><subfield code='a'>Boston :</subfield><subfield code='b'>Kluwer Academic Publishers,</subfield><subfield code='c'>c1997.</subfield></datafield><datafield ind1=' ' ind2=' ' tag='300'><subfield code='a'>195 s. :</subfield><subfield code='b'>il.</subfield></datafield><datafield ind1=' ' ind2='0' tag='440'><subfield code='a'>Applied optimization ;</subfield><subfield code='v'>v. 8</subfield></datafield><datafield ind1=' ' ind2=' ' tag='504'><subfield code='a'>Includes bibliographical references and index.</subfield></datafield><datafield ind1='0' ind2='7' tag='650'><subfield code='a'>aplikovaná matematika</subfield><subfield code='7'>ph114073</subfield><subfield code='2'>czenasS</subfield></datafield><datafield ind1=' ' ind2='0' tag='650'><subfield code='a'>Decision making.</subfield></datafield><datafield ind1=' ' ind2='0' tag='650'><subfield code='a'>Operations research.</subfield></datafield><datafield ind1=' ' ind2='0' tag='650'><subfield code='a'>Fuzzy logic.</subfield></datafield><datafield ind1=' ' ind2=' ' tag='KPW'><subfield code='a'>25452</subfield></datafield><datafield ind1=' ' ind2=' ' tag='CAT'><subfield code='c'>20070705</subfield><subfield code='l'>CZU01</subfield><subfield code='h'>0921</subfield></datafield><datafield ind1=' ' ind2=' ' tag='CAT'><subfield code='c'>20080313</subfield><subfield code='l'>CZU01</subfield><subfield code='h'>1518</subfield></datafield><datafield ind1=' ' ind2=' ' tag='CAT'><subfield code='a'>BATCH-UPD</subfield><subfield code='b'>00</subfield><subfield code='c'>20091216</subfield><subfield code='l'>CZU01</subfield><subfield code='h'>1125</subfield></datafield><datafield ind1=' ' ind2=' ' tag='CAT'><subfield code='a'>BATCH</subfield><subfield code='b'>00</subfield><subfield code='c'>20091216</subfield><subfield code='l'>CZU01</subfield><subfield code='h'>1509</subfield></datafield><datafield ind1=' ' ind2=' ' tag='CAT'><subfield code='a'>KULHAVA</subfield><subfield code='b'>20</subfield><subfield code='c'>20101206</subfield><subfield code='l'>CZU01</subfield><subfield code='h'>1043</subfield></datafield><datafield ind1=' ' ind2=' ' tag='CAT'><subfield code='a'>batch</subfield><subfield code='b'>00</subfield><subfield code='c'>20120323</subfield><subfield code='l'>CZU01</subfield><subfield code='h'>1719</subfield></datafield><datafield ind1=' ' ind2=' ' tag='CAT'><subfield code='a'>BATELKOVA</subfield><subfield code='b'>20</subfield><subfield code='c'>20120515</subfield><subfield code='l'>CZU01</subfield><subfield code='h'>0852</subfield></datafield><datafield ind1=' ' ind2=' ' tag='CAT'><subfield code='a'>KULHAVA</subfield><subfield code='b'>20</subfield><subfield code='c'>20140411</subfield><subfield code='l'>CZU01</subfield><subfield code='h'>0906</subfield></datafield><datafield ind1=' ' ind2=' ' tag='CAT'><subfield code='a'>KULHAVA</subfield><subfield code='b'>20</subfield><subfield code='c'>20140411</subfield><subfield code='l'>CZU01</subfield><subfield code='h'>0906</subfield></datafield><datafield ind1=' ' ind2=' ' tag='910'><subfield code='a'>ABD026</subfield></datafield><datafield ind1=' ' ind2=' ' tag='SID'><subfield code='a'>Z39</subfield><subfield code='b'>JIB-Z-SN</subfield></datafield><datafield ind1='0' ind2=' ' tag='090'><subfield code='b'>1</subfield></datafield></record>