
<record><leader>00000namZa22ZZZZZZaZ4500</leader><controlfield tag='001'>czu000042663</controlfield><controlfield tag='003'>CZ-PrCZU</controlfield><controlfield tag='005'>20101203132956.0</controlfield><controlfield tag='008'>030828s2002----xr------------------cze--</controlfield><datafield ind1=' ' ind2=' ' tag='020'><subfield code='a'>80-239-3309-4 (v knize neuvedeno : brož.)</subfield><subfield code='z'>80-7082-926-5</subfield><subfield code='z'>80-7082-929-X</subfield></datafield><datafield ind1=' ' ind2=' ' tag='040'><subfield code='a'>ABD026</subfield><subfield code='b'>cze</subfield></datafield><datafield ind1=' ' ind2=' ' tag='080'><subfield code='a'>005</subfield><subfield code='2'>MRF</subfield></datafield><datafield ind1='0' ind2='0' tag='245'><subfield code='a'>IMPA 2002 :</subfield><subfield code='b'>informační management ve veřejné správě = information management of public administration : 15.-16. září 2002, Karlovy Vary, Česká republika</subfield><subfield code='c'>[pořadatel MIM Consulting Cheb a Západočeská univerzita Plzeň ve spolupráci s Krajským úřadem Karlovarského kraje] ; sestavil Martin Lukáš</subfield></datafield><datafield ind1=' ' ind2=' ' tag='260'><subfield code='a'>Cheb :</subfield><subfield code='b'>MIM Consulting,</subfield><subfield code='c'>2002</subfield></datafield><datafield ind1=' ' ind2=' ' tag='300'><subfield code='a'>112 s.</subfield></datafield><datafield ind1=' ' ind2='7' tag='650'><subfield code='a'>management</subfield><subfield code='7'>ph115217</subfield><subfield code='2'>czenas</subfield></datafield><datafield ind1='1' ind2=' ' tag='700'><subfield code='a'>Lukáš, Martin</subfield><subfield code='7'>mzk2003213193</subfield></datafield><datafield ind1=' ' ind2=' ' tag='KPW'><subfield code='a'>25253</subfield></datafield><datafield ind1=' ' ind2=' ' tag='CAT'><subfield code='c'>20070705</subfield><subfield code='l'>CZU01</subfield><subfield code='h'>0921</subfield></datafield><datafield ind1=' ' ind2=' ' tag='CAT'><subfield code='c'>20080313</subfield><subfield code='l'>CZU01</subfield><subfield code='h'>1518</subfield></datafield><datafield ind1=' ' ind2=' ' tag='CAT'><subfield code='a'>BATCH-UPD</subfield><subfield code='b'>00</subfield><subfield code='c'>20091216</subfield><subfield code='l'>CZU01</subfield><subfield code='h'>1125</subfield></datafield><datafield ind1=' ' ind2=' ' tag='CAT'><subfield code='a'>BATCH</subfield><subfield code='b'>00</subfield><subfield code='c'>20091216</subfield><subfield code='l'>CZU01</subfield><subfield code='h'>1509</subfield></datafield><datafield ind1=' ' ind2=' ' tag='CAT'><subfield code='a'>KULHAVA</subfield><subfield code='b'>20</subfield><subfield code='c'>20101203</subfield><subfield code='l'>CZU01</subfield><subfield code='h'>1329</subfield></datafield><datafield ind1=' ' ind2=' ' tag='CAT'><subfield code='a'>batch</subfield><subfield code='b'>00</subfield><subfield code='c'>20120323</subfield><subfield code='l'>CZU01</subfield><subfield code='h'>1719</subfield></datafield><datafield ind1=' ' ind2=' ' tag='910'><subfield code='a'>ABD026</subfield></datafield><datafield ind1='0' ind2=' ' tag='090'><subfield code='b'>1</subfield></datafield></record>