
<record><leader>00000namZa22ZZZZZZaZ4500</leader><controlfield tag='001'>czu000041928</controlfield><controlfield tag='003'>CZ-PrCZU</controlfield><controlfield tag='005'>20081219123505.0</controlfield><controlfield tag='007'>tu</controlfield><controlfield tag='008'>030123s2002----xr------------------cze--</controlfield><datafield ind1=' ' ind2=' ' tag='020'><subfield code='a'>80-7178-376-5 (váz.) :</subfield><subfield code='c'>Kč 997,00</subfield></datafield><datafield ind1=' ' ind2=' ' tag='035'><subfield code='a'>(OCoLC)53272962</subfield></datafield><datafield ind1=' ' ind2=' ' tag='040'><subfield code='a'>ABA001</subfield><subfield code='b'>cze</subfield><subfield code='d'>ABD026</subfield></datafield><datafield ind1='1' ind2=' ' tag='041'><subfield code='a'>cze</subfield><subfield code='h'>eng</subfield></datafield><datafield ind1=' ' ind2='7' tag='072'><subfield code='a'>159.95</subfield><subfield code='x'>Vyšší duševní procesy</subfield><subfield code='2'>Konspekt</subfield><subfield code='9'>17</subfield></datafield><datafield ind1=' ' ind2=' ' tag='080'><subfield code='a'>159.95:165.194</subfield><subfield code='2'>MRF</subfield></datafield><datafield ind1=' ' ind2=' ' tag='080'><subfield code='a'>(075)</subfield><subfield code='2'>MRF</subfield></datafield><datafield ind1='1' ind2=' ' tag='100'><subfield code='a'>Sternberg, Robert J.,</subfield><subfield code='d'>1949-</subfield><subfield code='7'>mzk2002160650</subfield><subfield code='4'>aut</subfield></datafield><datafield ind1='1' ind2='0' tag='245'><subfield code='a'>Kognitivní psychologie /</subfield><subfield code='c'>Robert J. Sternberg ; [z amerického originálu ... přeložil František Koukolík ... et al.]</subfield></datafield><datafield ind1=' ' ind2=' ' tag='250'><subfield code='a'>Vyd. 1.</subfield></datafield><datafield ind1=' ' ind2=' ' tag='260'><subfield code='a'>Praha :</subfield><subfield code='b'>Portál,</subfield><subfield code='c'>2002</subfield></datafield><datafield ind1=' ' ind2=' ' tag='300'><subfield code='a'>636 s. :</subfield><subfield code='b'>il. ;</subfield><subfield code='c'>24 cm</subfield></datafield><datafield ind1=' ' ind2=' ' tag='500'><subfield code='a'>Terminologický slovník</subfield></datafield><datafield ind1=' ' ind2=' ' tag='504'><subfield code='a'>Obsahuje bibliografie, bibliografické odkazy a rejstříky</subfield></datafield><datafield ind1='0' ind2='7' tag='650'><subfield code='a'>kognitivní psychologie</subfield><subfield code='7'>ph121696</subfield><subfield code='2'>czenas</subfield></datafield><datafield ind1='0' ind2='9' tag='650'><subfield code='a'>cognitive psychology</subfield><subfield code='2'>eczenas</subfield></datafield><datafield ind1=' ' ind2='7' tag='655'><subfield code='a'>učebnice</subfield><subfield code='7'>fd133770</subfield><subfield code='2'>czenas</subfield></datafield><datafield ind1=' ' ind2='9' tag='655'><subfield code='a'>textbooks</subfield><subfield code='2'>eczenas</subfield></datafield><datafield ind1='0' ind2=' ' tag='765'><subfield code='t'>Cognitive psychology</subfield><subfield code='9'>Česky</subfield></datafield><datafield ind1=' ' ind2=' ' tag='KPW'><subfield code='a'>24416</subfield></datafield><datafield ind1=' ' ind2=' ' tag='CAT'><subfield code='c'>20070705</subfield><subfield code='l'>CZU01</subfield><subfield code='h'>0921</subfield></datafield><datafield ind1=' ' ind2=' ' tag='CAT'><subfield code='c'>20080313</subfield><subfield code='l'>CZU01</subfield><subfield code='h'>1518</subfield></datafield><datafield ind1=' ' ind2=' ' tag='CAT'><subfield code='a'>KULHAVA</subfield><subfield code='b'>20</subfield><subfield code='c'>20081219</subfield><subfield code='l'>CZU01</subfield><subfield code='h'>1235</subfield></datafield><datafield ind1=' ' ind2=' ' tag='CAT'><subfield code='a'>batch</subfield><subfield code='b'>00</subfield><subfield code='c'>20120323</subfield><subfield code='l'>CZU01</subfield><subfield code='h'>1719</subfield></datafield><datafield ind1=' ' ind2=' ' tag='910'><subfield code='a'>ABD026</subfield></datafield><datafield ind1=' ' ind2=' ' tag='SID'><subfield code='a'>Z39</subfield><subfield code='b'>SKC-Z</subfield></datafield><datafield ind1='0' ind2=' ' tag='090'><subfield code='b'>1</subfield></datafield></record>