
<record><leader>00000namZa22ZZZZZZaZ4500</leader><controlfield tag='001'>czu000041720</controlfield><controlfield tag='003'>CZ-PrCZU</controlfield><controlfield tag='005'>20101129094604.0</controlfield><controlfield tag='007'>tu</controlfield><controlfield tag='008'>030206s2002----xr-----e------000-j-cze--</controlfield><datafield ind1=' ' ind2=' ' tag='015'><subfield code='a'>cnb001199013</subfield></datafield><datafield ind1=' ' ind2=' ' tag='020'><subfield code='a'>80-86379-43-4 (brož.)</subfield></datafield><datafield ind1=' ' ind2=' ' tag='035'><subfield code='a'>(OCoLC)85052334</subfield></datafield><datafield ind1=' ' ind2=' ' tag='040'><subfield code='a'>ABA001</subfield><subfield code='b'>cze</subfield><subfield code='d'>ABD026</subfield></datafield><datafield ind1='1' ind2=' ' tag='041'><subfield code='a'>cze</subfield><subfield code='a'>ger</subfield><subfield code='h'>ger</subfield></datafield><datafield ind1=' ' ind2='7' tag='072'><subfield code='a'>821.112.2-3</subfield><subfield code='x'>Německá próza, německy psaná</subfield><subfield code='2'>Konspekt</subfield><subfield code='9'>11</subfield></datafield><datafield ind1=' ' ind2=' ' tag='080'><subfield code='a'>821.112.2(437.3)-32</subfield><subfield code='2'>MRF</subfield></datafield><datafield ind1=' ' ind2=' ' tag='080'><subfield code='a'>811.112.2</subfield><subfield code='2'>MRF</subfield></datafield><datafield ind1=' ' ind2=' ' tag='080'><subfield code='a'>801.82</subfield><subfield code='2'>MRF</subfield></datafield><datafield ind1=' ' ind2=' ' tag='080'><subfield code='a'>(035)</subfield><subfield code='2'>MRF</subfield></datafield><datafield ind1='1' ind2=' ' tag='100'><subfield code='a'>Kafka, Franz,</subfield><subfield code='d'>1883-1924</subfield><subfield code='7'>jn19990218037</subfield><subfield code='4'>aut</subfield></datafield><datafield ind1='1' ind2='4' tag='245'><subfield code='a'>Die Verwandlung =</subfield><subfield code='b'>Proměna /</subfield><subfield code='c'>Franz Kafka ; [přeložil Vladimír Kafka]</subfield></datafield><datafield ind1='3' ind2='1' tag='246'><subfield code='a'>Proměna</subfield></datafield><datafield ind1=' ' ind2=' ' tag='260'><subfield code='a'>[Praha] :</subfield><subfield code='b'>Garamond,</subfield><subfield code='c'>c2002</subfield></datafield><datafield ind1=' ' ind2=' ' tag='300'><subfield code='a'>151 s. ;</subfield><subfield code='c'>18 cm</subfield></datafield><datafield ind1=' ' ind2=' ' tag='500'><subfield code='a'>Souběžný český a německý text</subfield></datafield><datafield ind1=' ' ind2=' ' tag='521'><subfield code='a'>Bilingvní texty pro mírně pokročilé</subfield></datafield><datafield ind1='0' ind2='7' tag='650'><subfield code='a'>němčina</subfield><subfield code='7'>ph115512</subfield><subfield code='2'>czenas</subfield></datafield><datafield ind1='0' ind2='7' tag='650'><subfield code='a'>literární texty</subfield><subfield code='7'>ph117225</subfield><subfield code='2'>czenas</subfield></datafield><datafield ind1='0' ind2='9' tag='650'><subfield code='a'>German language</subfield><subfield code='2'>eczenas</subfield></datafield><datafield ind1='0' ind2='9' tag='650'><subfield code='a'>Literary texts</subfield><subfield code='2'>eczenas</subfield></datafield><datafield ind1=' ' ind2='7' tag='655'><subfield code='a'>německy psané povídky</subfield><subfield code='7'>fd132934</subfield><subfield code='2'>czenas</subfield></datafield><datafield ind1=' ' ind2='7' tag='655'><subfield code='a'>příručky</subfield><subfield code='7'>fd133209</subfield><subfield code='2'>czenas</subfield></datafield><datafield ind1=' ' ind2='9' tag='655'><subfield code='a'>German short stories</subfield><subfield code='2'>eczenas</subfield></datafield><datafield ind1=' ' ind2='9' tag='655'><subfield code='a'>Handbooks, manuals, etc.</subfield><subfield code='2'>eczenas</subfield></datafield><datafield ind1='1' ind2=' ' tag='700'><subfield code='a'>Kafka, Vladimír,</subfield><subfield code='d'>1937-1970</subfield><subfield code='7'>jk01052518</subfield><subfield code='4'>trl</subfield></datafield><datafield ind1='0' ind2=' ' tag='765'><subfield code='t'>Verwandlung</subfield><subfield code='9'>Česky</subfield></datafield><datafield ind1=' ' ind2=' ' tag='KPW'><subfield code='a'>24170</subfield></datafield><datafield ind1=' ' ind2=' ' tag='CAT'><subfield code='c'>20070705</subfield><subfield code='l'>CZU01</subfield><subfield code='h'>0921</subfield></datafield><datafield ind1=' ' ind2=' ' tag='CAT'><subfield code='c'>20080313</subfield><subfield code='l'>CZU01</subfield><subfield code='h'>1518</subfield></datafield><datafield ind1=' ' ind2=' ' tag='CAT'><subfield code='a'>BATCH</subfield><subfield code='b'>00</subfield><subfield code='c'>20091216</subfield><subfield code='l'>CZU01</subfield><subfield code='h'>1508</subfield></datafield><datafield ind1=' ' ind2=' ' tag='CAT'><subfield code='a'>KULHAVA</subfield><subfield code='b'>20</subfield><subfield code='c'>20101129</subfield><subfield code='l'>CZU01</subfield><subfield code='h'>0946</subfield></datafield><datafield ind1=' ' ind2=' ' tag='CAT'><subfield code='a'>batch</subfield><subfield code='b'>00</subfield><subfield code='c'>20120323</subfield><subfield code='l'>CZU01</subfield><subfield code='h'>1719</subfield></datafield><datafield ind1=' ' ind2=' ' tag='910'><subfield code='a'>ABD026</subfield></datafield><datafield ind1=' ' ind2=' ' tag='SID'><subfield code='a'>Z39</subfield><subfield code='b'>NKC-Z-SN</subfield></datafield><datafield ind1='0' ind2=' ' tag='090'><subfield code='b'>1</subfield></datafield></record>