
<record><leader>00000namZa22ZZZZZZaZ4500</leader><controlfield tag='001'>czu000041717</controlfield><controlfield tag='003'>CZ-PrCZU</controlfield><controlfield tag='005'>20091106140108.0</controlfield><controlfield tag='007'>tu</controlfield><controlfield tag='008'>001103s2000----xr-af--e------001-0-cze--</controlfield><datafield ind1=' ' ind2=' ' tag='020'><subfield code='a'>80-902824-1-5 (váz.) :</subfield><subfield code='c'>Kč 295,00</subfield></datafield><datafield ind1=' ' ind2=' ' tag='035'><subfield code='a'>(OCoLC)84995741</subfield></datafield><datafield ind1=' ' ind2=' ' tag='040'><subfield code='a'>OSA001</subfield><subfield code='b'>cze</subfield><subfield code='d'>ABA001</subfield><subfield code='d'>ABD026</subfield></datafield><datafield ind1='1' ind2=' ' tag='041'><subfield code='a'>cze</subfield><subfield code='h'>eng</subfield></datafield><datafield ind1=' ' ind2='7' tag='072'><subfield code='a'>004.7</subfield><subfield code='x'>Počítačové sítě</subfield><subfield code='2'>Konspekt</subfield><subfield code='9'>23</subfield></datafield><datafield ind1=' ' ind2=' ' tag='080'><subfield code='a'>004.738.52</subfield><subfield code='2'>MRF</subfield></datafield><datafield ind1=' ' ind2=' ' tag='080'><subfield code='a'>(035)</subfield><subfield code='2'>MRF</subfield></datafield><datafield ind1='1' ind2=' ' tag='100'><subfield code='a'>Gray, Daniel,</subfield><subfield code='d'>1961-</subfield><subfield code='7'>xx0018533</subfield><subfield code='4'>aut</subfield></datafield><datafield ind1='1' ind2='0' tag='245'><subfield code='a'>Profesionální design na webu /</subfield><subfield code='c'>Daniel Gray</subfield></datafield><datafield ind1=' ' ind2=' ' tag='260'><subfield code='a'>Brno :</subfield><subfield code='b'>SoftPress,</subfield><subfield code='c'>[2000?]</subfield></datafield><datafield ind1=' ' ind2=' ' tag='300'><subfield code='a'>223 s., [16] s. obr. příl. :</subfield><subfield code='b'>il. (některé barev.) ;</subfield><subfield code='c'>24 cm</subfield></datafield><datafield ind1=' ' ind2=' ' tag='500'><subfield code='a'>Přeloženo z angličtiny</subfield></datafield><datafield ind1=' ' ind2=' ' tag='504'><subfield code='a'>Obsahuje rejstřík</subfield></datafield><datafield ind1='0' ind2='7' tag='650'><subfield code='a'>WWW stránky</subfield><subfield code='7'>ph117163</subfield><subfield code='2'>czenas</subfield></datafield><datafield ind1='0' ind2='9' tag='650'><subfield code='a'>Web sites</subfield><subfield code='x'>Design</subfield><subfield code='2'>eczenas</subfield></datafield><datafield ind1=' ' ind2='7' tag='655'><subfield code='a'>příručky</subfield><subfield code='7'>fd133209</subfield><subfield code='2'>czenas</subfield></datafield><datafield ind1='0' ind2=' ' tag='765'><subfield code='t'>Looking good on the web</subfield><subfield code='9'>Česky</subfield></datafield><datafield ind1=' ' ind2=' ' tag='KPW'><subfield code='a'>24167</subfield></datafield><datafield ind1=' ' ind2=' ' tag='CAT'><subfield code='c'>20070705</subfield><subfield code='l'>CZU01</subfield><subfield code='h'>0921</subfield></datafield><datafield ind1=' ' ind2=' ' tag='CAT'><subfield code='c'>20080313</subfield><subfield code='l'>CZU01</subfield><subfield code='h'>1518</subfield></datafield><datafield ind1=' ' ind2=' ' tag='CAT'><subfield code='a'>KULHAVA</subfield><subfield code='b'>20</subfield><subfield code='c'>20091106</subfield><subfield code='l'>CZU01</subfield><subfield code='h'>1401</subfield></datafield><datafield ind1=' ' ind2=' ' tag='CAT'><subfield code='a'>batch</subfield><subfield code='b'>00</subfield><subfield code='c'>20120323</subfield><subfield code='l'>CZU01</subfield><subfield code='h'>1719</subfield></datafield><datafield ind1=' ' ind2=' ' tag='910'><subfield code='a'>ABD026</subfield></datafield><datafield ind1=' ' ind2=' ' tag='SID'><subfield code='a'>Z39</subfield><subfield code='b'>NKC-Z-SN</subfield></datafield><datafield ind1='0' ind2=' ' tag='090'><subfield code='b'>1</subfield></datafield></record>