
<record><leader>00000namZa22ZZZZZZaZ4500</leader><controlfield tag='001'>czu000041716</controlfield><controlfield tag='003'>CZ-PrCZU</controlfield><controlfield tag='005'>20100614144835.0</controlfield><controlfield tag='007'>tu</controlfield><controlfield tag='008'>011107s2001----xr-a---e------001-0-cze--</controlfield><datafield ind1=' ' ind2=' ' tag='015'><subfield code='a'>cnb001027951</subfield></datafield><datafield ind1=' ' ind2=' ' tag='020'><subfield code='a'>80-7226-534-2 (brož.) :</subfield><subfield code='c'>Kč 187,00</subfield></datafield><datafield ind1=' ' ind2=' ' tag='035'><subfield code='a'>(OCoLC)50345875</subfield></datafield><datafield ind1=' ' ind2=' ' tag='040'><subfield code='a'>ABA001</subfield><subfield code='b'>cze</subfield><subfield code='d'>ABD026</subfield></datafield><datafield ind1=' ' ind2='7' tag='072'><subfield code='a'>004.9</subfield><subfield code='x'>Speciální počítačové metody. Počítačová grafika</subfield><subfield code='2'>Konspekt</subfield><subfield code='9'>23</subfield></datafield><datafield ind1=' ' ind2=' ' tag='080'><subfield code='a'>004.42CorelDRAW</subfield><subfield code='2'>MRF</subfield></datafield><datafield ind1=' ' ind2=' ' tag='080'><subfield code='a'>004.92</subfield><subfield code='2'>MRF</subfield></datafield><datafield ind1=' ' ind2=' ' tag='080'><subfield code='a'>(035)</subfield><subfield code='2'>MRF</subfield></datafield><datafield ind1='1' ind2=' ' tag='100'><subfield code='a'>Lindner, Petr,</subfield><subfield code='d'>1966-</subfield><subfield code='7'>mzk2003203301</subfield><subfield code='4'>aut</subfield></datafield><datafield ind1='1' ind2='0' tag='245'><subfield code='a'>CorelDRAW :</subfield><subfield code='b'>tipy, efekty, kouzla /</subfield><subfield code='c'>Petr Lindner</subfield></datafield><datafield ind1=' ' ind2=' ' tag='250'><subfield code='a'>Vyd. 1.</subfield></datafield><datafield ind1=' ' ind2=' ' tag='260'><subfield code='a'>Praha :</subfield><subfield code='b'>Computer Press,</subfield><subfield code='c'>2001</subfield></datafield><datafield ind1=' ' ind2=' ' tag='300'><subfield code='a'>viii, 147 s. :</subfield><subfield code='b'>il. ;</subfield><subfield code='c'>21 cm</subfield></datafield><datafield ind1='1' ind2=' ' tag='490'><subfield code='a'>DTP &amp; grafika</subfield></datafield><datafield ind1='1' ind2=' ' tag='490'><subfield code='a'>Rychle a jistě</subfield></datafield><datafield ind1=' ' ind2=' ' tag='504'><subfield code='a'>Obsahuje rejstřík</subfield></datafield><datafield ind1='0' ind2='7' tag='650'><subfield code='a'>počítačová grafika</subfield><subfield code='7'>ph124503</subfield><subfield code='2'>czenas</subfield></datafield><datafield ind1='0' ind2='7' tag='650'><subfield code='a'>CorelDRAW! 9</subfield><subfield code='7'>ph117472</subfield><subfield code='2'>czenas</subfield></datafield><datafield ind1='0' ind2='9' tag='650'><subfield code='a'>CorelDRAW!</subfield><subfield code='2'>eczenas</subfield></datafield><datafield ind1='0' ind2='9' tag='650'><subfield code='a'>Computer graphics</subfield><subfield code='2'>eczenas</subfield></datafield><datafield ind1=' ' ind2='7' tag='655'><subfield code='a'>příručky</subfield><subfield code='7'>fd133209</subfield><subfield code='2'>czenas</subfield></datafield><datafield ind1=' ' ind2='0' tag='830'><subfield code='a'>DTP &amp; grafika</subfield><subfield code='0'>s</subfield></datafield><datafield ind1=' ' ind2='0' tag='830'><subfield code='a'>Rychle a jistě</subfield></datafield><datafield ind1=' ' ind2=' ' tag='KPW'><subfield code='a'>24166</subfield></datafield><datafield ind1=' ' ind2=' ' tag='CAT'><subfield code='c'>20070705</subfield><subfield code='l'>CZU01</subfield><subfield code='h'>0921</subfield></datafield><datafield ind1=' ' ind2=' ' tag='CAT'><subfield code='c'>20080313</subfield><subfield code='l'>CZU01</subfield><subfield code='h'>1518</subfield></datafield><datafield ind1=' ' ind2=' ' tag='CAT'><subfield code='a'>BATCH</subfield><subfield code='b'>00</subfield><subfield code='c'>20091216</subfield><subfield code='l'>CZU01</subfield><subfield code='h'>1508</subfield></datafield><datafield ind1=' ' ind2=' ' tag='CAT'><subfield code='a'>KULHAVA</subfield><subfield code='b'>20</subfield><subfield code='c'>20100614</subfield><subfield code='l'>CZU01</subfield><subfield code='h'>1448</subfield></datafield><datafield ind1=' ' ind2=' ' tag='CAT'><subfield code='a'>batch</subfield><subfield code='b'>00</subfield><subfield code='c'>20120323</subfield><subfield code='l'>CZU01</subfield><subfield code='h'>1719</subfield></datafield><datafield ind1=' ' ind2=' ' tag='910'><subfield code='a'>ABD026</subfield></datafield><datafield ind1=' ' ind2=' ' tag='SID'><subfield code='a'>Z39</subfield><subfield code='b'>NKC-Z-SN</subfield></datafield><datafield ind1='0' ind2=' ' tag='090'><subfield code='b'>1</subfield></datafield></record>