
<record><leader>00000namZa22ZZZZZZaZ4500</leader><controlfield tag='001'>czu000041713</controlfield><controlfield tag='003'>CZ-PrCZU</controlfield><controlfield tag='005'>20091106142647.0</controlfield><controlfield tag='007'>tu</controlfield><controlfield tag='008'>010419s2000----xr-a---e------001-0-cze--</controlfield><datafield ind1=' ' ind2=' ' tag='020'><subfield code='a'>80-7226-415-X (brož.) :</subfield><subfield code='c'>Kč 247,00</subfield></datafield><datafield ind1=' ' ind2=' ' tag='035'><subfield code='a'>(OCoLC)47951817</subfield></datafield><datafield ind1=' ' ind2=' ' tag='040'><subfield code='a'>ABA001</subfield><subfield code='b'>cze</subfield><subfield code='d'>ABD026</subfield></datafield><datafield ind1=' ' ind2='7' tag='072'><subfield code='a'>004.9</subfield><subfield code='x'>Speciální počítačové metody. Počítačová grafika</subfield><subfield code='2'>Konspekt</subfield><subfield code='9'>23</subfield></datafield><datafield ind1=' ' ind2=' ' tag='080'><subfield code='a'>004.42Flash</subfield><subfield code='2'>MRF</subfield></datafield><datafield ind1=' ' ind2=' ' tag='080'><subfield code='a'>004.928.031.42</subfield><subfield code='2'>MRF</subfield></datafield><datafield ind1=' ' ind2=' ' tag='080'><subfield code='a'>004.92</subfield><subfield code='2'>MRF</subfield></datafield><datafield ind1=' ' ind2=' ' tag='080'><subfield code='a'>(035)</subfield><subfield code='2'>MRF</subfield></datafield><datafield ind1='1' ind2=' ' tag='100'><subfield code='a'>Fotr, Jiří,</subfield><subfield code='d'>1967-</subfield><subfield code='7'>jn20020422011</subfield><subfield code='4'>aut</subfield></datafield><datafield ind1='1' ind2='0' tag='245'><subfield code='a'>Flash 5 pro grafiky a tvůrce webů /</subfield><subfield code='c'>Jiří Fotr, Zdeněk Schneider</subfield></datafield><datafield ind1='1' ind2='5' tag='246'><subfield code='a'>Flash 5 :</subfield><subfield code='b'>průvodce uživatele</subfield></datafield><datafield ind1=' ' ind2=' ' tag='250'><subfield code='a'>Vyd. 1.</subfield></datafield><datafield ind1=' ' ind2=' ' tag='260'><subfield code='a'>Praha :</subfield><subfield code='b'>Computer Press,</subfield><subfield code='c'>c2000</subfield></datafield><datafield ind1=' ' ind2=' ' tag='300'><subfield code='a'>x, 199 s. :</subfield><subfield code='b'>il. ;</subfield><subfield code='c'>23 cm +</subfield><subfield code='e'>1 CD-ROM</subfield></datafield><datafield ind1='1' ind2=' ' tag='490'><subfield code='a'>DTP &amp; grafika</subfield></datafield><datafield ind1=' ' ind2=' ' tag='504'><subfield code='a'>Obsahuje rejstřík</subfield></datafield><datafield ind1='0' ind2='7' tag='650'><subfield code='a'>interaktivní animace</subfield><subfield code='7'>ph135594</subfield><subfield code='2'>czenas</subfield></datafield><datafield ind1='0' ind2='7' tag='650'><subfield code='a'>počítačová grafika</subfield><subfield code='7'>ph124503</subfield><subfield code='2'>czenas</subfield></datafield><datafield ind1='0' ind2='7' tag='650'><subfield code='a'>Flash</subfield><subfield code='7'>ph135669</subfield><subfield code='2'>czenas</subfield></datafield><datafield ind1='0' ind2='9' tag='650'><subfield code='a'>Computer animation</subfield><subfield code='2'>eczenas</subfield></datafield><datafield ind1='0' ind2='9' tag='650'><subfield code='a'>Interactive computer systems</subfield><subfield code='2'>eczenas</subfield></datafield><datafield ind1='0' ind2='9' tag='650'><subfield code='a'>Computer graphics</subfield><subfield code='2'>eczenas</subfield></datafield><datafield ind1='0' ind2='9' tag='650'><subfield code='a'>Flash (Computer file)</subfield><subfield code='2'>eczenas</subfield></datafield><datafield ind1=' ' ind2='7' tag='655'><subfield code='a'>příručky</subfield><subfield code='7'>fd133209</subfield><subfield code='2'>czenas</subfield></datafield><datafield ind1='1' ind2=' ' tag='700'><subfield code='a'>Schneider, Zdeněk,</subfield><subfield code='d'>1979-</subfield><subfield code='7'>mzk2002139954</subfield><subfield code='4'>aut</subfield></datafield><datafield ind1=' ' ind2='0' tag='830'><subfield code='a'>DTP &amp; grafika</subfield><subfield code='0'>s</subfield></datafield><datafield ind1=' ' ind2=' ' tag='KPW'><subfield code='a'>24161</subfield></datafield><datafield ind1=' ' ind2=' ' tag='CAT'><subfield code='c'>20070705</subfield><subfield code='l'>CZU01</subfield><subfield code='h'>0921</subfield></datafield><datafield ind1=' ' ind2=' ' tag='CAT'><subfield code='c'>20080313</subfield><subfield code='l'>CZU01</subfield><subfield code='h'>1518</subfield></datafield><datafield ind1=' ' ind2=' ' tag='CAT'><subfield code='a'>KULHAVA</subfield><subfield code='b'>20</subfield><subfield code='c'>20091106</subfield><subfield code='l'>CZU01</subfield><subfield code='h'>1426</subfield></datafield><datafield ind1=' ' ind2=' ' tag='CAT'><subfield code='a'>batch</subfield><subfield code='b'>00</subfield><subfield code='c'>20120323</subfield><subfield code='l'>CZU01</subfield><subfield code='h'>1719</subfield></datafield><datafield ind1=' ' ind2=' ' tag='910'><subfield code='a'>ABD026</subfield></datafield><datafield ind1=' ' ind2=' ' tag='SID'><subfield code='a'>Z39</subfield><subfield code='b'>NKC-Z-SN</subfield></datafield><datafield ind1='0' ind2=' ' tag='090'><subfield code='b'>1</subfield></datafield></record>