
<record><leader>00000namZa22ZZZZZZaZ4500</leader><controlfield tag='001'>czu000041706</controlfield><controlfield tag='003'>CZ-PrCZU</controlfield><controlfield tag='005'>20120627095306.0</controlfield><controlfield tag='007'>tu</controlfield><controlfield tag='008'>971215s1997----xr-a---e------001-0-cze--</controlfield><datafield ind1=' ' ind2=' ' tag='015'><subfield code='a'>cnb000291497</subfield></datafield><datafield ind1=' ' ind2=' ' tag='020'><subfield code='a'>80-7226-035-9 (brož.) :</subfield><subfield code='c'>Kč 295,00</subfield></datafield><datafield ind1=' ' ind2=' ' tag='035'><subfield code='a'>(OCoLC)38762476</subfield></datafield><datafield ind1=' ' ind2=' ' tag='040'><subfield code='a'>ABA001</subfield><subfield code='b'>cze</subfield><subfield code='d'>ABD026</subfield></datafield><datafield ind1=' ' ind2='7' tag='072'><subfield code='a'>004.4/.6</subfield><subfield code='x'>Programování. Software</subfield><subfield code='2'>Konspekt</subfield><subfield code='9'>23</subfield></datafield><datafield ind1=' ' ind2=' ' tag='080'><subfield code='a'>76</subfield><subfield code='2'>undef</subfield></datafield><datafield ind1=' ' ind2=' ' tag='080'><subfield code='a'>681.3.06</subfield><subfield code='2'>undef</subfield></datafield><datafield ind1=' ' ind2=' ' tag='080'><subfield code='a'>741/743</subfield><subfield code='2'>undef</subfield></datafield><datafield ind1=' ' ind2=' ' tag='080'><subfield code='a'>744</subfield><subfield code='2'>undef</subfield></datafield><datafield ind1='1' ind2=' ' tag='100'><subfield code='a'>Hlavenka, Jiří,</subfield><subfield code='d'>1964-</subfield><subfield code='7'>jn19990209240</subfield><subfield code='4'>aut</subfield></datafield><datafield ind1='1' ind2='0' tag='245'><subfield code='a'>CorelDRAW 7 :</subfield><subfield code='b'>[referenční uživatelská příručka /</subfield><subfield code='c'>Jiří Hlavenka, Viktor Navrátil]</subfield></datafield><datafield ind1=' ' ind2=' ' tag='250'><subfield code='a'>Vyd. 1.</subfield></datafield><datafield ind1=' ' ind2=' ' tag='260'><subfield code='a'>Praha :</subfield><subfield code='b'>Computer Press,</subfield><subfield code='c'>c1997</subfield></datafield><datafield ind1=' ' ind2=' ' tag='300'><subfield code='a'>xii, 238 s. :</subfield><subfield code='b'>il. (převážně barev.) ;</subfield><subfield code='c'>23 cm</subfield></datafield><datafield ind1=' ' ind2=' ' tag='500'><subfield code='a'>Na obálce podnázev: Podrobná uživatelská příručka</subfield></datafield><datafield ind1=' ' ind2=' ' tag='504'><subfield code='a'>Bibliogr.</subfield></datafield><datafield ind1=' ' ind2=' ' tag='504'><subfield code='a'>Věcný rejstřík</subfield></datafield><datafield ind1='0' ind2='7' tag='650'><subfield code='a'>CorelDRAW! 7</subfield><subfield code='7'>ph117481</subfield><subfield code='2'>czenas</subfield></datafield><datafield ind1='0' ind2='7' tag='650'><subfield code='a'>počítačová grafika</subfield><subfield code='7'>ph124503</subfield><subfield code='2'>czenas</subfield></datafield><datafield ind1=' ' ind2='7' tag='655'><subfield code='a'>příručky</subfield><subfield code='7'>fd133209</subfield><subfield code='2'>czenas</subfield></datafield><datafield ind1='1' ind2=' ' tag='700'><subfield code='a'>Navrátil, Viktor</subfield></datafield><datafield ind1=' ' ind2=' ' tag='KPW'><subfield code='a'>24151</subfield></datafield><datafield ind1=' ' ind2=' ' tag='CAT'><subfield code='c'>20070705</subfield><subfield code='l'>CZU01</subfield><subfield code='h'>0921</subfield></datafield><datafield ind1=' ' ind2=' ' tag='CAT'><subfield code='c'>20080313</subfield><subfield code='l'>CZU01</subfield><subfield code='h'>1518</subfield></datafield><datafield ind1=' ' ind2=' ' tag='CAT'><subfield code='a'>BATCH</subfield><subfield code='b'>00</subfield><subfield code='c'>20091216</subfield><subfield code='l'>CZU01</subfield><subfield code='h'>1508</subfield></datafield><datafield ind1=' ' ind2=' ' tag='CAT'><subfield code='a'>batch</subfield><subfield code='b'>00</subfield><subfield code='c'>20120323</subfield><subfield code='l'>CZU01</subfield><subfield code='h'>1719</subfield></datafield><datafield ind1=' ' ind2=' ' tag='CAT'><subfield code='a'>KULHAVA</subfield><subfield code='b'>20</subfield><subfield code='c'>20120627</subfield><subfield code='l'>CZU01</subfield><subfield code='h'>0953</subfield></datafield><datafield ind1=' ' ind2=' ' tag='CAT'><subfield code='a'>KULHAVA</subfield><subfield code='b'>20</subfield><subfield code='c'>20120627</subfield><subfield code='l'>CZU01</subfield><subfield code='h'>0953</subfield></datafield><datafield ind1=' ' ind2=' ' tag='910'><subfield code='a'>ABD026</subfield></datafield><datafield ind1=' ' ind2=' ' tag='SID'><subfield code='a'>Z39</subfield><subfield code='b'>JIB-Z-SN</subfield></datafield><datafield ind1='0' ind2=' ' tag='090'><subfield code='b'>1</subfield></datafield></record>