
<record><leader>00000namZa22ZZZZZZaZ4500</leader><controlfield tag='001'>czu000041705</controlfield><controlfield tag='003'>CZ-PrCZU</controlfield><controlfield tag='005'>20120627105857.0</controlfield><controlfield tag='008'>021205s2002----xr------------------cze--</controlfield><datafield ind1=' ' ind2=' ' tag='020'><subfield code='a'>80-7100-995-4</subfield></datafield><datafield ind1=' ' ind2=' ' tag='040'><subfield code='a'>ABD026</subfield><subfield code='b'>cze</subfield></datafield><datafield ind1='1' ind2=' ' tag='100'><subfield code='a'>Mikuš, Ľudovít</subfield></datafield><datafield ind1='1' ind2='0' tag='245'><subfield code='a'>Efektívna tvorba CBT kurzov /</subfield><subfield code='c'>Ľudovít Mikuš</subfield></datafield><datafield ind1=' ' ind2=' ' tag='250'><subfield code='a'>1. vyd.</subfield></datafield><datafield ind1=' ' ind2=' ' tag='260'><subfield code='a'>Žilina :</subfield><subfield code='b'>Edis,</subfield><subfield code='c'>2002</subfield></datafield><datafield ind1=' ' ind2=' ' tag='300'><subfield code='a'>101 s.</subfield></datafield><datafield ind1=' ' ind2='7' tag='650'><subfield code='a'>multimédia</subfield><subfield code='7'>ph115379</subfield><subfield code='2'>czenas</subfield></datafield><datafield ind1=' ' ind2=' ' tag='KPW'><subfield code='a'>24150</subfield></datafield><datafield ind1=' ' ind2=' ' tag='CAT'><subfield code='c'>20070705</subfield><subfield code='l'>CZU01</subfield><subfield code='h'>0921</subfield></datafield><datafield ind1=' ' ind2=' ' tag='CAT'><subfield code='c'>20080313</subfield><subfield code='l'>CZU01</subfield><subfield code='h'>1518</subfield></datafield><datafield ind1=' ' ind2=' ' tag='CAT'><subfield code='a'>BATCH</subfield><subfield code='b'>00</subfield><subfield code='c'>20091216</subfield><subfield code='l'>CZU01</subfield><subfield code='h'>1508</subfield></datafield><datafield ind1=' ' ind2=' ' tag='CAT'><subfield code='a'>KULHAVA</subfield><subfield code='b'>20</subfield><subfield code='c'>20101129</subfield><subfield code='l'>CZU01</subfield><subfield code='h'>0819</subfield></datafield><datafield ind1=' ' ind2=' ' tag='CAT'><subfield code='a'>batch</subfield><subfield code='b'>00</subfield><subfield code='c'>20120323</subfield><subfield code='l'>CZU01</subfield><subfield code='h'>1719</subfield></datafield><datafield ind1=' ' ind2=' ' tag='CAT'><subfield code='a'>KULHAVA</subfield><subfield code='b'>20</subfield><subfield code='c'>20120627</subfield><subfield code='l'>CZU01</subfield><subfield code='h'>1058</subfield></datafield><datafield ind1=' ' ind2=' ' tag='CAT'><subfield code='a'>KULHAVA</subfield><subfield code='b'>20</subfield><subfield code='c'>20120627</subfield><subfield code='l'>CZU01</subfield><subfield code='h'>1058</subfield></datafield><datafield ind1=' ' ind2=' ' tag='910'><subfield code='a'>ABD026</subfield></datafield><datafield ind1='0' ind2=' ' tag='090'><subfield code='b'>1</subfield></datafield></record>