
<record><leader>00000namZa22ZZZZZZaZ4500</leader><controlfield tag='001'>czu000041704</controlfield><controlfield tag='003'>CZ-PrCZU</controlfield><controlfield tag='005'>20111109145105.0</controlfield><controlfield tag='008'>000331s1991----gw-|||||||||||000|0|ger-d</controlfield><datafield ind1=' ' ind2=' ' tag='020'><subfield code='a'>3-409-69014-X :</subfield><subfield code='c'>Kč 1020,00</subfield></datafield><datafield ind1=' ' ind2=' ' tag='040'><subfield code='a'>ULG001</subfield><subfield code='b'>cze</subfield><subfield code='d'>ABD026</subfield></datafield><datafield ind1=' ' ind2=' ' tag='080'><subfield code='a'>339.1</subfield><subfield code='2'>MRF-sel</subfield></datafield><datafield ind1='1' ind2=' ' tag='100'><subfield code='a'>Meffert, Heribert,</subfield><subfield code='d'>1937-</subfield><subfield code='7'>xx0040353</subfield><subfield code='4'>aut</subfield></datafield><datafield ind1='1' ind2='0' tag='245'><subfield code='a'>Marketing :</subfield><subfield code='b'>Grundlagen der Absatzpolitik</subfield></datafield><datafield ind1=' ' ind2=' ' tag='250'><subfield code='a'>7. überarb. und erw. Aufl.</subfield></datafield><datafield ind1=' ' ind2=' ' tag='260'><subfield code='a'>Wiesbaden :</subfield><subfield code='b'>Gabler,</subfield><subfield code='c'>1991</subfield></datafield><datafield ind1=' ' ind2=' ' tag='300'><subfield code='a'>740 s.</subfield></datafield><datafield ind1='0' ind2='7' tag='650'><subfield code='a'>marketing</subfield><subfield code='7'>ph115227</subfield><subfield code='2'>czenas</subfield></datafield><datafield ind1=' ' ind2='7' tag='655'><subfield code='a'>monografie</subfield><subfield code='7'>fd132842</subfield><subfield code='2'>czenas</subfield></datafield><datafield ind1=' ' ind2=' ' tag='KPW'><subfield code='a'>24148</subfield></datafield><datafield ind1=' ' ind2=' ' tag='CAT'><subfield code='c'>20070705</subfield><subfield code='l'>CZU01</subfield><subfield code='h'>0921</subfield></datafield><datafield ind1=' ' ind2=' ' tag='CAT'><subfield code='c'>20080313</subfield><subfield code='l'>CZU01</subfield><subfield code='h'>1518</subfield></datafield><datafield ind1=' ' ind2=' ' tag='CAT'><subfield code='a'>BATCH</subfield><subfield code='b'>00</subfield><subfield code='c'>20091216</subfield><subfield code='l'>CZU01</subfield><subfield code='h'>1508</subfield></datafield><datafield ind1=' ' ind2=' ' tag='CAT'><subfield code='a'>KULHAVA</subfield><subfield code='b'>20</subfield><subfield code='c'>20101129</subfield><subfield code='l'>CZU01</subfield><subfield code='h'>0816</subfield></datafield><datafield ind1=' ' ind2=' ' tag='CAT'><subfield code='a'>KULHAVA</subfield><subfield code='b'>20</subfield><subfield code='c'>20111109</subfield><subfield code='l'>CZU01</subfield><subfield code='h'>1451</subfield></datafield><datafield ind1=' ' ind2=' ' tag='CAT'><subfield code='a'>batch</subfield><subfield code='b'>00</subfield><subfield code='c'>20120323</subfield><subfield code='l'>CZU01</subfield><subfield code='h'>1719</subfield></datafield><datafield ind1=' ' ind2=' ' tag='910'><subfield code='a'>ABD026</subfield></datafield><datafield ind1=' ' ind2=' ' tag='SID'><subfield code='a'>Z39</subfield><subfield code='b'>SKC-Z-SN</subfield></datafield><datafield ind1='0' ind2=' ' tag='090'><subfield code='b'>1</subfield></datafield></record>