
<record><leader>00000namZa22ZZZZZZaZ4500</leader><controlfield tag='001'>czu000041504</controlfield><controlfield tag='003'>CZ-PrCZU</controlfield><controlfield tag='005'>20090907135631.0</controlfield><controlfield tag='007'>tu</controlfield><controlfield tag='008'>990608s1994----xr-a---e-p----000-0-cze--</controlfield><datafield ind1=' ' ind2=' ' tag='020'><subfield code='a'>80-85901-03-X (brož.)</subfield></datafield><datafield ind1=' ' ind2=' ' tag='035'><subfield code='a'>(OCoLC)84971491</subfield></datafield><datafield ind1=' ' ind2=' ' tag='040'><subfield code='a'>ABA001</subfield><subfield code='b'>cze</subfield><subfield code='d'>ABD026</subfield></datafield><datafield ind1='0' ind2=' ' tag='041'><subfield code='a'>cze</subfield><subfield code='a'>ger</subfield></datafield><datafield ind1=' ' ind2='7' tag='072'><subfield code='a'>811.112.2</subfield><subfield code='x'>Němčina</subfield><subfield code='2'>Konspekt</subfield><subfield code='9'>11</subfield></datafield><datafield ind1=' ' ind2=' ' tag='080'><subfield code='a'>(075)</subfield><subfield code='2'>MRF</subfield></datafield><datafield ind1=' ' ind2=' ' tag='080'><subfield code='a'>811.112.2</subfield><subfield code='2'>MRF</subfield></datafield><datafield ind1='0' ind2='0' tag='245'><subfield code='a'>Němčina pro začátečníky /</subfield><subfield code='c'>Božena Homolková ... [et al.]</subfield></datafield><datafield ind1=' ' ind2=' ' tag='250'><subfield code='a'>Vyd. 1.</subfield></datafield><datafield ind1=' ' ind2=' ' tag='260'><subfield code='a'>Praha :</subfield><subfield code='b'>Scarabeus,</subfield><subfield code='c'>1994</subfield></datafield><datafield ind1=' ' ind2=' ' tag='300'><subfield code='a'>267 s. :</subfield><subfield code='b'>barev. il. ;</subfield><subfield code='c'>27 cm</subfield></datafield><datafield ind1='1' ind2=' ' tag='490'><subfield code='a'>ALFA-Superlearning</subfield></datafield><datafield ind1=' ' ind2=' ' tag='500'><subfield code='a'>Německo-český a česko-německý slovník</subfield></datafield><datafield ind1=' ' ind2=' ' tag='500'><subfield code='a'>Podnázev: sugestopedický kurz využívající paradoxního učení, při kterém si ve stavu hlubokého uvolnění zapamatujete velké objemy učiva v čase výrazně kratším, než při maximálním soustředění</subfield></datafield><datafield ind1=' ' ind2=' ' tag='500'><subfield code='a'>Ilustrace Oldřich Pink</subfield></datafield><datafield ind1='0' ind2='7' tag='650'><subfield code='a'>němčina</subfield><subfield code='7'>ph115512</subfield><subfield code='2'>czenas</subfield></datafield><datafield ind1=' ' ind2='7' tag='655'><subfield code='a'>učebnice</subfield><subfield code='7'>fd133770</subfield><subfield code='2'>czenas</subfield></datafield><datafield ind1='1' ind2=' ' tag='700'><subfield code='a'>Homolková, Božena</subfield><subfield code='7'>xx0010446</subfield><subfield code='4'>aut</subfield></datafield><datafield ind1=' ' ind2='0' tag='830'><subfield code='a'>ALFA-Superlearning</subfield></datafield><datafield ind1=' ' ind2=' ' tag='KPW'><subfield code='a'>23904</subfield></datafield><datafield ind1=' ' ind2=' ' tag='CAT'><subfield code='c'>20070705</subfield><subfield code='l'>CZU01</subfield><subfield code='h'>0921</subfield></datafield><datafield ind1=' ' ind2=' ' tag='CAT'><subfield code='c'>20080313</subfield><subfield code='l'>CZU01</subfield><subfield code='h'>1518</subfield></datafield><datafield ind1=' ' ind2=' ' tag='CAT'><subfield code='a'>KULHAVA</subfield><subfield code='b'>20</subfield><subfield code='c'>20090907</subfield><subfield code='l'>CZU01</subfield><subfield code='h'>1356</subfield></datafield><datafield ind1=' ' ind2=' ' tag='CAT'><subfield code='c'>20091215</subfield><subfield code='l'>CZU01</subfield><subfield code='h'>1325</subfield></datafield><datafield ind1=' ' ind2=' ' tag='CAT'><subfield code='a'>batch</subfield><subfield code='b'>00</subfield><subfield code='c'>20120323</subfield><subfield code='l'>CZU01</subfield><subfield code='h'>1719</subfield></datafield><datafield ind1=' ' ind2=' ' tag='910'><subfield code='a'>ABD026</subfield></datafield><datafield ind1=' ' ind2=' ' tag='SID'><subfield code='a'>Z39</subfield><subfield code='b'>SKC-Z-SN</subfield></datafield><datafield ind1='0' ind2=' ' tag='090'><subfield code='b'>1</subfield></datafield></record>