
<record><leader>00000namZa22ZZZZZZaZ4500</leader><controlfield tag='001'>czu000040802</controlfield><controlfield tag='003'>CZ-PrCZU</controlfield><controlfield tag='005'>20100308132038.0</controlfield><controlfield tag='007'>tu</controlfield><controlfield tag='008'>990512s1999----xr-a---e------000-0-cze--</controlfield><datafield ind1=' ' ind2=' ' tag='015'><subfield code='a'>cnb000658878</subfield></datafield><datafield ind1=' ' ind2=' ' tag='020'><subfield code='a'>80-7169-848-2 (brož.)</subfield></datafield><datafield ind1=' ' ind2=' ' tag='035'><subfield code='a'>(OCoLC)42604557</subfield></datafield><datafield ind1=' ' ind2=' ' tag='040'><subfield code='a'>ABA001</subfield><subfield code='b'>cze</subfield><subfield code='d'>ABD026</subfield></datafield><datafield ind1=' ' ind2='7' tag='072'><subfield code='a'>674</subfield><subfield code='x'>Dřevo. Dřevařský průmysl</subfield><subfield code='2'>Konspekt</subfield><subfield code='9'>19</subfield></datafield><datafield ind1=' ' ind2=' ' tag='080'><subfield code='a'>674.03</subfield><subfield code='2'>MRF</subfield></datafield><datafield ind1=' ' ind2=' ' tag='080'><subfield code='a'>674.5</subfield><subfield code='2'>MRF</subfield></datafield><datafield ind1=' ' ind2=' ' tag='080'><subfield code='a'>674.02</subfield><subfield code='2'>MRF</subfield></datafield><datafield ind1=' ' ind2=' ' tag='080'><subfield code='a'>674.038.1</subfield><subfield code='2'>MRF</subfield></datafield><datafield ind1=' ' ind2=' ' tag='080'><subfield code='a'>(035)</subfield><subfield code='2'>MRF</subfield></datafield><datafield ind1='1' ind2=' ' tag='100'><subfield code='a'>Patřičný, Martin,</subfield><subfield code='d'>1955-</subfield><subfield code='7'>jn19981228108</subfield><subfield code='4'>aut</subfield></datafield><datafield ind1='1' ind2='0' tag='245'><subfield code='a'>Pracujeme se dřevem :</subfield><subfield code='b'>jak porozumět dřevu /</subfield><subfield code='c'>Martin Patřičný</subfield></datafield><datafield ind1=' ' ind2=' ' tag='250'><subfield code='a'>2., rozš. vyd.</subfield></datafield><datafield ind1=' ' ind2=' ' tag='260'><subfield code='a'>Praha :</subfield><subfield code='b'>Grada,</subfield><subfield code='c'>1999</subfield></datafield><datafield ind1=' ' ind2=' ' tag='300'><subfield code='a'>85 s. :</subfield><subfield code='b'>il. ;</subfield><subfield code='c'>21 cm</subfield></datafield><datafield ind1='1' ind2=' ' tag='490'><subfield code='a'>Profi &amp; hobby ;</subfield><subfield code='v'>39</subfield></datafield><datafield ind1=' ' ind2=' ' tag='500'><subfield code='a'>Terminologický slovníček</subfield></datafield><datafield ind1=' ' ind2=' ' tag='504'><subfield code='a'>Obsahuje bibliografii</subfield></datafield><datafield ind1='0' ind2='7' tag='650'><subfield code='a'>dřevo</subfield><subfield code='7'>ph114403</subfield><subfield code='2'>czenas</subfield></datafield><datafield ind1='0' ind2='7' tag='650'><subfield code='a'>zpracování dřeva</subfield><subfield code='7'>ph135488</subfield><subfield code='2'>czenas</subfield></datafield><datafield ind1='0' ind2='7' tag='650'><subfield code='a'>vlastnosti dřeva</subfield><subfield code='7'>ph170646</subfield><subfield code='2'>czenas</subfield></datafield><datafield ind1='0' ind2='7' tag='650'><subfield code='a'>dřevěné výrobky</subfield><subfield code='7'>ph119754</subfield><subfield code='2'>czenas</subfield></datafield><datafield ind1='0' ind2='9' tag='650'><subfield code='a'>wood</subfield><subfield code='2'>eczenas</subfield></datafield><datafield ind1='0' ind2='9' tag='650'><subfield code='a'>wood processing</subfield><subfield code='2'>eczenas</subfield></datafield><datafield ind1='0' ind2='9' tag='650'><subfield code='a'>wood properties</subfield><subfield code='2'>eczenas</subfield></datafield><datafield ind1='0' ind2='9' tag='650'><subfield code='a'>wood products</subfield><subfield code='2'>eczenas</subfield></datafield><datafield ind1=' ' ind2='7' tag='655'><subfield code='a'>příručky</subfield><subfield code='7'>fd133209</subfield><subfield code='2'>czenas</subfield></datafield><datafield ind1=' ' ind2='9' tag='655'><subfield code='a'>handbooks, manuals, etc.</subfield><subfield code='2'>eczenas</subfield></datafield><datafield ind1=' ' ind2='0' tag='830'><subfield code='a'>Profi &amp; hobby</subfield><subfield code='0'>s</subfield></datafield><datafield ind1=' ' ind2=' ' tag='KPW'><subfield code='a'>20565</subfield></datafield><datafield ind1=' ' ind2=' ' tag='CAT'><subfield code='c'>20070705</subfield><subfield code='l'>CZU01</subfield><subfield code='h'>0921</subfield></datafield><datafield ind1=' ' ind2=' ' tag='CAT'><subfield code='c'>20080313</subfield><subfield code='l'>CZU01</subfield><subfield code='h'>1518</subfield></datafield><datafield ind1=' ' ind2=' ' tag='CAT'><subfield code='a'>BATCH-UPD</subfield><subfield code='b'>00</subfield><subfield code='c'>20091216</subfield><subfield code='l'>CZU01</subfield><subfield code='h'>1123</subfield></datafield><datafield ind1=' ' ind2=' ' tag='CAT'><subfield code='a'>BATCH</subfield><subfield code='b'>00</subfield><subfield code='c'>20091216</subfield><subfield code='l'>CZU01</subfield><subfield code='h'>1508</subfield></datafield><datafield ind1=' ' ind2=' ' tag='CAT'><subfield code='a'>KULHAVA</subfield><subfield code='b'>20</subfield><subfield code='c'>20100308</subfield><subfield code='l'>CZU01</subfield><subfield code='h'>1320</subfield></datafield><datafield ind1=' ' ind2=' ' tag='CAT'><subfield code='a'>batch</subfield><subfield code='b'>00</subfield><subfield code='c'>20120323</subfield><subfield code='l'>CZU01</subfield><subfield code='h'>1719</subfield></datafield><datafield ind1=' ' ind2=' ' tag='910'><subfield code='a'>ABD026</subfield></datafield><datafield ind1=' ' ind2=' ' tag='SID'><subfield code='a'>Z39</subfield><subfield code='b'>NKC-Z</subfield></datafield><datafield ind1='0' ind2=' ' tag='090'><subfield code='b'>1</subfield></datafield></record>