
<record><leader>00000namZa22ZZZZZZaZ4500</leader><controlfield tag='001'>czu000040801</controlfield><controlfield tag='003'>CZ-PrCZU</controlfield><controlfield tag='005'>20100610125933.0</controlfield><controlfield tag='007'>tu</controlfield><controlfield tag='008'>970408s1997----xr-a---e------001-0-cze--</controlfield><datafield ind1=' ' ind2=' ' tag='015'><subfield code='a'>cnb000189756</subfield></datafield><datafield ind1=' ' ind2=' ' tag='020'><subfield code='a'>80-85825-21-X (brož.)</subfield></datafield><datafield ind1=' ' ind2=' ' tag='035'><subfield code='a'>(OCoLC)37962108</subfield></datafield><datafield ind1=' ' ind2=' ' tag='040'><subfield code='a'>ABA001</subfield><subfield code='b'>cze</subfield><subfield code='d'>ABD026</subfield></datafield><datafield ind1=' ' ind2='7' tag='072'><subfield code='a'>004.4/.6</subfield><subfield code='x'>Programové vybavení. Programové prostředky</subfield><subfield code='2'>Konspekt</subfield><subfield code='9'>23</subfield></datafield><datafield ind1=' ' ind2=' ' tag='080'><subfield code='a'>681.3.06</subfield><subfield code='2'>undef</subfield></datafield><datafield ind1='1' ind2=' ' tag='100'><subfield code='a'>Varner, David,</subfield><subfield code='d'>1972-</subfield><subfield code='7'>ola2003204827</subfield><subfield code='4'>aut</subfield></datafield><datafield ind1='1' ind2='0' tag='245'><subfield code='a'>Access 7 /</subfield><subfield code='c'>David Varner a Ivo Leitgeb</subfield></datafield><datafield ind1=' ' ind2=' ' tag='250'><subfield code='a'>1. vyd.</subfield></datafield><datafield ind1=' ' ind2=' ' tag='260'><subfield code='a'>Brno :</subfield><subfield code='b'>CCB,</subfield><subfield code='c'>1997</subfield></datafield><datafield ind1=' ' ind2=' ' tag='300'><subfield code='a'>viii, 218 s. :</subfield><subfield code='b'>il. ;</subfield><subfield code='c'>23 cm</subfield></datafield><datafield ind1='1' ind2=' ' tag='490'><subfield code='a'>Efektivně</subfield></datafield><datafield ind1=' ' ind2=' ' tag='500'><subfield code='a'>Pozn. o autorech</subfield></datafield><datafield ind1=' ' ind2=' ' tag='504'><subfield code='a'>Věcný rejstřík</subfield></datafield><datafield ind1='0' ind2='7' tag='650'><subfield code='a'>Microsoft Access 7.0</subfield><subfield code='7'>ph117740</subfield><subfield code='2'>czenas</subfield></datafield><datafield ind1='0' ind2='7' tag='650'><subfield code='a'>databázové systémy</subfield><subfield code='7'>ph114296</subfield><subfield code='2'>czenas</subfield></datafield><datafield ind1=' ' ind2='7' tag='655'><subfield code='a'>příručky</subfield><subfield code='7'>fd133209</subfield><subfield code='2'>czenas</subfield></datafield><datafield ind1='1' ind2=' ' tag='700'><subfield code='a'>Leitgeb, Ivo,</subfield><subfield code='d'>1971-</subfield><subfield code='7'>ola2003204826</subfield><subfield code='4'>aut</subfield></datafield><datafield ind1=' ' ind2='0' tag='830'><subfield code='a'>Efektivně</subfield></datafield><datafield ind1=' ' ind2=' ' tag='KPW'><subfield code='a'>20564</subfield></datafield><datafield ind1=' ' ind2=' ' tag='CAT'><subfield code='c'>20070705</subfield><subfield code='l'>CZU01</subfield><subfield code='h'>0921</subfield></datafield><datafield ind1=' ' ind2=' ' tag='CAT'><subfield code='c'>20080313</subfield><subfield code='l'>CZU01</subfield><subfield code='h'>1518</subfield></datafield><datafield ind1=' ' ind2=' ' tag='CAT'><subfield code='a'>BATCH-UPD</subfield><subfield code='b'>00</subfield><subfield code='c'>20091216</subfield><subfield code='l'>CZU01</subfield><subfield code='h'>1123</subfield></datafield><datafield ind1=' ' ind2=' ' tag='CAT'><subfield code='a'>BATCH</subfield><subfield code='b'>00</subfield><subfield code='c'>20091216</subfield><subfield code='l'>CZU01</subfield><subfield code='h'>1508</subfield></datafield><datafield ind1=' ' ind2=' ' tag='CAT'><subfield code='a'>KULHAVA</subfield><subfield code='b'>20</subfield><subfield code='c'>20100610</subfield><subfield code='l'>CZU01</subfield><subfield code='h'>1259</subfield></datafield><datafield ind1=' ' ind2=' ' tag='CAT'><subfield code='a'>batch</subfield><subfield code='b'>00</subfield><subfield code='c'>20120323</subfield><subfield code='l'>CZU01</subfield><subfield code='h'>1719</subfield></datafield><datafield ind1=' ' ind2=' ' tag='910'><subfield code='a'>ABD026</subfield></datafield><datafield ind1=' ' ind2=' ' tag='SID'><subfield code='a'>Z39</subfield><subfield code='b'>NKC-Z-SN</subfield></datafield><datafield ind1='0' ind2=' ' tag='090'><subfield code='b'>1</subfield></datafield></record>