
<record><leader>00000namZa22ZZZZZZaZ4500</leader><controlfield tag='001'>czu000040745</controlfield><controlfield tag='003'>CZ-PrCZU</controlfield><controlfield tag='005'>20100610085050.0</controlfield><controlfield tag='008'>020328s1995----xxu||||||||||||||-||eng--</controlfield><datafield ind1=' ' ind2=' ' tag='020'><subfield code='a'>0-13-103805-2</subfield></datafield><datafield ind1=' ' ind2=' ' tag='040'><subfield code='a'>ABD100</subfield><subfield code='b'>cze</subfield><subfield code='d'>ABD026</subfield></datafield><datafield ind1=' ' ind2=' ' tag='080'><subfield code='a'>004.8</subfield></datafield><datafield ind1=' ' ind2=' ' tag='080'><subfield code='a'>007.52</subfield></datafield><datafield ind1=' ' ind2=' ' tag='080'><subfield code='a'>004.43</subfield></datafield><datafield ind1=' ' ind2=' ' tag='080'><subfield code='a'>004.7</subfield></datafield><datafield ind1=' ' ind2=' ' tag='080'><subfield code='a'>004.6</subfield></datafield><datafield ind1='1' ind2=' ' tag='100'><subfield code='a'>Russell, Stuart J.</subfield><subfield code='7'>ctua000047998</subfield><subfield code='4'>aut</subfield></datafield><datafield ind1='1' ind2='0' tag='245'><subfield code='a'>Artificial intelligence :</subfield><subfield code='b'>a modern approach /</subfield><subfield code='c'>Stuart J. Russell, Peter Norvig ... [et al.]</subfield></datafield><datafield ind1=' ' ind2=' ' tag='260'><subfield code='a'>Upper Saddle River :</subfield><subfield code='b'>Prentice Hall,</subfield><subfield code='c'>1995</subfield></datafield><datafield ind1=' ' ind2=' ' tag='300'><subfield code='a'>xxviii, 932 s. :</subfield><subfield code='b'>il.</subfield></datafield><datafield ind1='0' ind2=' ' tag='490'><subfield code='a'>Prentice Hall series in artificial intelligence</subfield></datafield><datafield ind1=' ' ind2=' ' tag='504'><subfield code='a'>Obsahuje bibliografie</subfield></datafield><datafield ind1='1' ind2='7' tag='650'><subfield code='a'>umělá inteligence</subfield><subfield code='2'>psh</subfield></datafield><datafield ind1='1' ind2='7' tag='650'><subfield code='a'>robotika</subfield><subfield code='2'>psh</subfield></datafield><datafield ind1='1' ind2='7' tag='650'><subfield code='a'>programovací jazyky</subfield><subfield code='2'>psh</subfield></datafield><datafield ind1='1' ind2='7' tag='650'><subfield code='a'>počítačové sítě</subfield><subfield code='2'>psh</subfield></datafield><datafield ind1='1' ind2='7' tag='650'><subfield code='a'>databázové systémy</subfield><subfield code='2'>psh</subfield></datafield><datafield ind1=' ' ind2='7' tag='655'><subfield code='a'>monografie</subfield><subfield code='7'>fd132842</subfield><subfield code='2'>czenas</subfield></datafield><datafield ind1='1' ind2=' ' tag='700'><subfield code='a'>Norvig, Peter</subfield><subfield code='7'>ctua000047999</subfield><subfield code='4'>aut</subfield></datafield><datafield ind1=' ' ind2=' ' tag='KPW'><subfield code='a'>20498</subfield></datafield><datafield ind1=' ' ind2=' ' tag='CAT'><subfield code='c'>20070705</subfield><subfield code='l'>CZU01</subfield><subfield code='h'>0921</subfield></datafield><datafield ind1=' ' ind2=' ' tag='CAT'><subfield code='c'>20080313</subfield><subfield code='l'>CZU01</subfield><subfield code='h'>1518</subfield></datafield><datafield ind1=' ' ind2=' ' tag='CAT'><subfield code='a'>BATCH-UPD</subfield><subfield code='b'>00</subfield><subfield code='c'>20091216</subfield><subfield code='l'>CZU01</subfield><subfield code='h'>1123</subfield></datafield><datafield ind1=' ' ind2=' ' tag='CAT'><subfield code='a'>BATCH</subfield><subfield code='b'>00</subfield><subfield code='c'>20091216</subfield><subfield code='l'>CZU01</subfield><subfield code='h'>1508</subfield></datafield><datafield ind1=' ' ind2=' ' tag='CAT'><subfield code='a'>KULHAVA</subfield><subfield code='b'>20</subfield><subfield code='c'>20100610</subfield><subfield code='l'>CZU01</subfield><subfield code='h'>0850</subfield></datafield><datafield ind1=' ' ind2=' ' tag='CAT'><subfield code='a'>batch</subfield><subfield code='b'>00</subfield><subfield code='c'>20120323</subfield><subfield code='l'>CZU01</subfield><subfield code='h'>1719</subfield></datafield><datafield ind1=' ' ind2=' ' tag='910'><subfield code='a'>ABD026</subfield></datafield><datafield ind1=' ' ind2=' ' tag='SID'><subfield code='a'>Z39</subfield><subfield code='b'>SKC-Z-SN</subfield></datafield><datafield ind1='0' ind2=' ' tag='090'><subfield code='b'>1</subfield></datafield></record>