
<record><leader>00000namZa22ZZZZZZaZ4500</leader><controlfield tag='001'>czu000040237</controlfield><controlfield tag='003'>CZ-PrCZU</controlfield><controlfield tag='005'>20110110095940.0</controlfield><controlfield tag='008'>020405s2001----xr------------------cze--</controlfield><datafield ind1=' ' ind2=' ' tag='020'><subfield code='a'>80-200-0472-6</subfield></datafield><datafield ind1=' ' ind2=' ' tag='040'><subfield code='a'>ABD026</subfield><subfield code='b'>cze</subfield></datafield><datafield ind1=' ' ind2=' ' tag='080'><subfield code='a'>004.8</subfield><subfield code='2'>MRF</subfield></datafield><datafield ind1='1' ind2=' ' tag='100'><subfield code='a'>Mařík, Vladimír,</subfield><subfield code='d'>1952-</subfield><subfield code='7'>jn99240000702</subfield></datafield><datafield ind1='1' ind2='0' tag='245'><subfield code='a'>Umělá inteligence.</subfield><subfield code='n'>(3) /</subfield><subfield code='c'>Vladimír Mařík, Olga Štěpánková, Jiří Lažanský</subfield></datafield><datafield ind1=' ' ind2=' ' tag='250'><subfield code='a'>1.vyd.</subfield></datafield><datafield ind1=' ' ind2=' ' tag='260'><subfield code='a'>PRAHA :</subfield><subfield code='b'>Academia,</subfield><subfield code='c'>2001</subfield></datafield><datafield ind1=' ' ind2=' ' tag='300'><subfield code='a'>328 s.</subfield></datafield><datafield ind1=' ' ind2='7' tag='650'><subfield code='a'>umělá inteligence</subfield><subfield code='7'>ph116536</subfield><subfield code='2'>czenas</subfield></datafield><datafield ind1='1' ind2=' ' tag='700'><subfield code='a'>Štěpánková, Olga,</subfield><subfield code='d'>1949-</subfield><subfield code='7'>mzk2004219448</subfield></datafield><datafield ind1='1' ind2=' ' tag='700'><subfield code='a'>Lažanský, Jiří,</subfield><subfield code='d'>1947-</subfield><subfield code='7'>ntka173216</subfield></datafield><datafield ind1=' ' ind2=' ' tag='KPW'><subfield code='a'>19873</subfield></datafield><datafield ind1=' ' ind2=' ' tag='CAT'><subfield code='c'>20070705</subfield><subfield code='l'>CZU01</subfield><subfield code='h'>0921</subfield></datafield><datafield ind1=' ' ind2=' ' tag='CAT'><subfield code='c'>20080313</subfield><subfield code='l'>CZU01</subfield><subfield code='h'>1518</subfield></datafield><datafield ind1=' ' ind2=' ' tag='CAT'><subfield code='a'>BATCH-UPD</subfield><subfield code='b'>00</subfield><subfield code='c'>20091216</subfield><subfield code='l'>CZU01</subfield><subfield code='h'>1122</subfield></datafield><datafield ind1=' ' ind2=' ' tag='CAT'><subfield code='a'>BATCH</subfield><subfield code='b'>00</subfield><subfield code='c'>20091216</subfield><subfield code='l'>CZU01</subfield><subfield code='h'>1507</subfield></datafield><datafield ind1=' ' ind2=' ' tag='CAT'><subfield code='a'>KULHAVA</subfield><subfield code='b'>20</subfield><subfield code='c'>20110110</subfield><subfield code='l'>CZU01</subfield><subfield code='h'>0959</subfield></datafield><datafield ind1=' ' ind2=' ' tag='CAT'><subfield code='a'>batch</subfield><subfield code='b'>00</subfield><subfield code='c'>20120323</subfield><subfield code='l'>CZU01</subfield><subfield code='h'>1719</subfield></datafield><datafield ind1=' ' ind2=' ' tag='910'><subfield code='a'>ABD026</subfield></datafield><datafield ind1='0' ind2=' ' tag='090'><subfield code='b'>1</subfield></datafield></record>