
<record><leader>00000namZa22ZZZZZZaZ4500</leader><controlfield tag='001'>czu000039584</controlfield><controlfield tag='003'>CZ-PrCZU</controlfield><controlfield tag='005'>20100603075308.0</controlfield><controlfield tag='008'>960614s1996----ctua-----b----001-0-eng--</controlfield><datafield ind1=' ' ind2=' ' tag='020'><subfield code='a'>1884777279 (alk. paper)</subfield></datafield><datafield ind1=' ' ind2=' ' tag='040'><subfield code='a'>DLC</subfield><subfield code='c'>DLC</subfield><subfield code='d'>DLC</subfield><subfield code='d'>ABD026</subfield></datafield><datafield ind1='0' ind2='0' tag='050'><subfield code='a'>QA76.73.S59</subfield><subfield code='b'>L58 1996</subfield></datafield><datafield ind1='1' ind2=' ' tag='100'><subfield code='a'>Liu, Chamond.</subfield></datafield><datafield ind1='1' ind2='0' tag='245'><subfield code='a'>Smalltalk, objects, and design /</subfield><subfield code='c'>Chamond Liu.</subfield></datafield><datafield ind1='3' ind2=' ' tag='246'><subfield code='a'>Small talk, objects, and design</subfield></datafield><datafield ind1=' ' ind2=' ' tag='260'><subfield code='a'>Greenwich, CT :</subfield><subfield code='b'>Manning,</subfield><subfield code='c'>c1996.</subfield></datafield><datafield ind1=' ' ind2=' ' tag='300'><subfield code='a'>xvii, 289 p. :</subfield><subfield code='b'>ill. ;</subfield><subfield code='c'>24 cm.</subfield></datafield><datafield ind1=' ' ind2=' ' tag='504'><subfield code='a'>Includes bibliographical references (p. 277-282) and index.</subfield></datafield><datafield ind1=' ' ind2='0' tag='650'><subfield code='a'>Smalltalk (Computer program language)</subfield></datafield><datafield ind1=' ' ind2='0' tag='650'><subfield code='a'>Object-oriented programming (Computer science)</subfield></datafield><datafield ind1=' ' ind2=' ' tag='KPW'><subfield code='a'>19149</subfield></datafield><datafield ind1=' ' ind2=' ' tag='CAT'><subfield code='c'>20070705</subfield><subfield code='l'>CZU01</subfield><subfield code='h'>0921</subfield></datafield><datafield ind1=' ' ind2=' ' tag='CAT'><subfield code='c'>20080313</subfield><subfield code='l'>CZU01</subfield><subfield code='h'>1518</subfield></datafield><datafield ind1=' ' ind2=' ' tag='CAT'><subfield code='a'>BATCH-UPD</subfield><subfield code='b'>00</subfield><subfield code='c'>20091216</subfield><subfield code='l'>CZU01</subfield><subfield code='h'>1122</subfield></datafield><datafield ind1=' ' ind2=' ' tag='CAT'><subfield code='a'>BATCH</subfield><subfield code='b'>00</subfield><subfield code='c'>20091216</subfield><subfield code='l'>CZU01</subfield><subfield code='h'>1507</subfield></datafield><datafield ind1=' ' ind2=' ' tag='CAT'><subfield code='a'>KULHAVA</subfield><subfield code='b'>20</subfield><subfield code='c'>20100603</subfield><subfield code='l'>CZU01</subfield><subfield code='h'>0753</subfield></datafield><datafield ind1=' ' ind2=' ' tag='CAT'><subfield code='a'>batch</subfield><subfield code='b'>00</subfield><subfield code='c'>20120323</subfield><subfield code='l'>CZU01</subfield><subfield code='h'>1719</subfield></datafield><datafield ind1=' ' ind2=' ' tag='910'><subfield code='a'>ABD026</subfield></datafield><datafield ind1=' ' ind2=' ' tag='SID'><subfield code='a'>Z39</subfield><subfield code='b'>LOC</subfield></datafield><datafield ind1='0' ind2=' ' tag='090'><subfield code='b'>1</subfield></datafield></record>