
<record><leader>00000camZa22ZZZZZZaZ4500</leader><controlfield tag='001'>czu000039580</controlfield><controlfield tag='003'>CZ-PrCZU</controlfield><controlfield tag='005'>20120627102801.0</controlfield><controlfield tag='008'>040511s2000----xxu----e------------eng--</controlfield><datafield ind1=' ' ind2=' ' tag='020'><subfield code='a'>0-201-70433-1</subfield></datafield><datafield ind1=' ' ind2=' ' tag='040'><subfield code='a'>PND008</subfield><subfield code='b'>cze</subfield><subfield code='d'>ABD026</subfield></datafield><datafield ind1=' ' ind2=' ' tag='080'><subfield code='a'>004.4</subfield><subfield code='2'>MRF-sel</subfield></datafield><datafield ind1='1' ind2=' ' tag='100'><subfield code='a'>Arnold, Ken</subfield><subfield code='4'>aut</subfield></datafield><datafield ind1='1' ind2='4' tag='245'><subfield code='a'>The Java :</subfield><subfield code='b'>programming language /</subfield><subfield code='c'>Ken Arnold, James Gosling, David Holmes</subfield></datafield><datafield ind1=' ' ind2=' ' tag='250'><subfield code='a'>3rd ed</subfield></datafield><datafield ind1=' ' ind2=' ' tag='260'><subfield code='a'>Boston :</subfield><subfield code='b'>Addison-Wesley,</subfield><subfield code='c'>2000</subfield></datafield><datafield ind1=' ' ind2=' ' tag='300'><subfield code='a'>xxiv, 595 s.</subfield></datafield><datafield ind1='1' ind2=' ' tag='490'><subfield code='a'>The Java series</subfield></datafield><datafield ind1=' ' ind2=' ' tag='504'><subfield code='a'>Obsahuje bibliografii a rejstřík</subfield></datafield><datafield ind1='1' ind2=' ' tag='700'><subfield code='a'>Gosling, James</subfield><subfield code='7'>jx20110721005</subfield><subfield code='4'>aut</subfield></datafield><datafield ind1='1' ind2=' ' tag='700'><subfield code='a'>Holmes, David,</subfield><subfield code='d'>1969-</subfield><subfield code='7'>xx0039237</subfield><subfield code='4'>aut</subfield></datafield><datafield ind1=' ' ind2='4' tag='830'><subfield code='a'>The Java series</subfield></datafield><datafield ind1=' ' ind2=' ' tag='KPW'><subfield code='a'>19145</subfield></datafield><datafield ind1=' ' ind2=' ' tag='CAT'><subfield code='c'>20070705</subfield><subfield code='l'>CZU01</subfield><subfield code='h'>0921</subfield></datafield><datafield ind1=' ' ind2=' ' tag='CAT'><subfield code='c'>20080313</subfield><subfield code='l'>CZU01</subfield><subfield code='h'>1518</subfield></datafield><datafield ind1=' ' ind2=' ' tag='CAT'><subfield code='a'>KULHAVA</subfield><subfield code='b'>20</subfield><subfield code='c'>20081112</subfield><subfield code='l'>CZU01</subfield><subfield code='h'>0852</subfield></datafield><datafield ind1=' ' ind2=' ' tag='CAT'><subfield code='c'>20091215</subfield><subfield code='l'>CZU01</subfield><subfield code='h'>1325</subfield></datafield><datafield ind1=' ' ind2=' ' tag='CAT'><subfield code='a'>batch</subfield><subfield code='b'>00</subfield><subfield code='c'>20120323</subfield><subfield code='l'>CZU01</subfield><subfield code='h'>1719</subfield></datafield><datafield ind1=' ' ind2=' ' tag='CAT'><subfield code='a'>KULHAVA</subfield><subfield code='b'>20</subfield><subfield code='c'>20120627</subfield><subfield code='l'>CZU01</subfield><subfield code='h'>1028</subfield></datafield><datafield ind1=' ' ind2=' ' tag='CAT'><subfield code='a'>BATCH-UPD</subfield><subfield code='b'>20</subfield><subfield code='c'>20121123</subfield><subfield code='l'>CZU01</subfield><subfield code='h'>1018</subfield></datafield><datafield ind1=' ' ind2=' ' tag='910'><subfield code='a'>ABD026</subfield></datafield><datafield ind1=' ' ind2=' ' tag='SID'><subfield code='a'>Z39</subfield><subfield code='b'>SKC-Z</subfield></datafield><datafield ind1='0' ind2=' ' tag='090'><subfield code='b'>1</subfield></datafield></record>