
<record><leader>00000camZa22ZZZZZZaZ4500</leader><controlfield tag='001'>czu000039098</controlfield><controlfield tag='003'>CZ-PrCZU</controlfield><controlfield tag='005'>20090511134046.0</controlfield><controlfield tag='007'>ta</controlfield><controlfield tag='008'>950313s1995----xr-----f------------cze-d</controlfield><datafield ind1=' ' ind2=' ' tag='020'><subfield code='a'>80-85787-36-9</subfield></datafield><datafield ind1=' ' ind2=' ' tag='040'><subfield code='a'>BOA001</subfield><subfield code='b'>cze</subfield><subfield code='d'>ABD026</subfield></datafield><datafield ind1='1' ind2=' ' tag='041'><subfield code='a'>cze</subfield><subfield code='h'>eng</subfield></datafield><datafield ind1=' ' ind2=' ' tag='080'><subfield code='a'>612</subfield></datafield><datafield ind1='1' ind2=' ' tag='100'><subfield code='a'>Ganong, William F.</subfield><subfield code='7'>xx0029571</subfield><subfield code='4'>aut</subfield></datafield><datafield ind1='1' ind2='0' tag='245'><subfield code='a'>Přehled lékařské fyziologie /</subfield><subfield code='c'>William F. Ganong</subfield></datafield><datafield ind1=' ' ind2=' ' tag='250'><subfield code='a'>Vyd. v ČR 1.</subfield></datafield><datafield ind1=' ' ind2=' ' tag='260'><subfield code='a'>Jinočany :</subfield><subfield code='b'>H &amp; H,</subfield><subfield code='c'>1995</subfield></datafield><datafield ind1=' ' ind2=' ' tag='300'><subfield code='a'>xii, 681 s. :</subfield><subfield code='b'>il. ;</subfield><subfield code='c'>25 cm</subfield></datafield><datafield ind1=' ' ind2=' ' tag='500'><subfield code='a'>Přeloženo z angličtiny</subfield></datafield><datafield ind1=' ' ind2=' ' tag='504'><subfield code='a'>Obsahuje bibliografii</subfield></datafield><datafield ind1='0' ind2=' ' tag='765'><subfield code='t'>Review of medical physiology</subfield><subfield code='9'>Česky</subfield></datafield><datafield ind1=' ' ind2=' ' tag='KPW'><subfield code='a'>18646</subfield></datafield><datafield ind1=' ' ind2=' ' tag='CAT'><subfield code='c'>20070705</subfield><subfield code='l'>CZU01</subfield><subfield code='h'>0921</subfield></datafield><datafield ind1=' ' ind2=' ' tag='CAT'><subfield code='c'>20080313</subfield><subfield code='l'>CZU01</subfield><subfield code='h'>1518</subfield></datafield><datafield ind1=' ' ind2=' ' tag='CAT'><subfield code='a'>KULHAVA</subfield><subfield code='b'>20</subfield><subfield code='c'>20090511</subfield><subfield code='l'>CZU01</subfield><subfield code='h'>1340</subfield></datafield><datafield ind1=' ' ind2=' ' tag='CAT'><subfield code='a'>KULHAVA</subfield><subfield code='b'>20</subfield><subfield code='c'>20090511</subfield><subfield code='l'>CZU01</subfield><subfield code='h'>1340</subfield></datafield><datafield ind1=' ' ind2=' ' tag='CAT'><subfield code='a'>BATCH-UPD</subfield><subfield code='b'>20</subfield><subfield code='c'>20121123</subfield><subfield code='l'>CZU01</subfield><subfield code='h'>1018</subfield></datafield><datafield ind1=' ' ind2=' ' tag='910'><subfield code='a'>ABD026</subfield></datafield><datafield ind1=' ' ind2=' ' tag='SID'><subfield code='a'>Z39</subfield><subfield code='b'>JIB-Z-SN</subfield></datafield><datafield ind1='0' ind2=' ' tag='090'><subfield code='b'>1</subfield></datafield></record>