
<record><leader>00000camZa22ZZZZZZaZ4500</leader><controlfield tag='001'>czu000039003</controlfield><controlfield tag='003'>CZ-PrCZU</controlfield><controlfield tag='005'>20090507142703.0</controlfield><controlfield tag='008'>010907s2000----xr-----e------------cze-d</controlfield><datafield ind1=' ' ind2=' ' tag='020'><subfield code='a'>80-7226-307-2</subfield></datafield><datafield ind1=' ' ind2=' ' tag='040'><subfield code='a'>BOA001</subfield><subfield code='b'>cze</subfield><subfield code='d'>ABD026</subfield></datafield><datafield ind1=' ' ind2='7' tag='072'><subfield code='a'>004.4/.6</subfield><subfield code='x'>Programové vybavení. Programové prostředky</subfield><subfield code='2'>Konspekt</subfield><subfield code='9'>23</subfield></datafield><datafield ind1=' ' ind2=' ' tag='080'><subfield code='a'>004.451.9Linux</subfield><subfield code='2'>MRF</subfield></datafield><datafield ind1=' ' ind2=' ' tag='080'><subfield code='a'>004.451</subfield><subfield code='2'>MRF</subfield></datafield><datafield ind1=' ' ind2=' ' tag='080'><subfield code='a'>(035)</subfield><subfield code='2'>MRF</subfield></datafield><datafield ind1='1' ind2=' ' tag='100'><subfield code='a'>Mathew, Neil</subfield><subfield code='4'>aut</subfield></datafield><datafield ind1='1' ind2='0' tag='245'><subfield code='a'>Linux :</subfield><subfield code='b'>začínáme programovat /</subfield><subfield code='c'>Neil Matthew, Richard Stones</subfield></datafield><datafield ind1=' ' ind2=' ' tag='250'><subfield code='a'>Vyd. 1.</subfield></datafield><datafield ind1=' ' ind2=' ' tag='260'><subfield code='a'>Praha :</subfield><subfield code='b'>Computer Press,</subfield><subfield code='c'>2000</subfield></datafield><datafield ind1=' ' ind2=' ' tag='300'><subfield code='a'>xxxviii, 897 s. :</subfield><subfield code='b'>il. ;</subfield><subfield code='c'>22 cm</subfield></datafield><datafield ind1='1' ind2=' ' tag='490'><subfield code='a'>Programování</subfield></datafield><datafield ind1='1' ind2=' ' tag='490'><subfield code='a'>Profi</subfield></datafield><datafield ind1=' ' ind2=' ' tag='500'><subfield code='a'>Bibliogr.</subfield></datafield><datafield ind1='0' ind2='7' tag='650'><subfield code='a'>operační systémy</subfield><subfield code='7'>ph115593</subfield><subfield code='2'>czenas</subfield></datafield><datafield ind1='0' ind2='4' tag='650'><subfield code='a'>Linux (operační systém)</subfield></datafield><datafield ind1=' ' ind2='7' tag='655'><subfield code='a'>příručky</subfield><subfield code='7'>fd133209</subfield><subfield code='2'>czenas</subfield></datafield><datafield ind1='1' ind2=' ' tag='700'><subfield code='a'>Stones, Richard</subfield><subfield code='7'>xx0015043</subfield><subfield code='4'>aut</subfield></datafield><datafield ind1='0' ind2=' ' tag='765'><subfield code='t'>Beginning Linux programming</subfield></datafield><datafield ind1=' ' ind2='0' tag='830'><subfield code='a'>Programování</subfield></datafield><datafield ind1=' ' ind2='0' tag='830'><subfield code='a'>Profi</subfield></datafield><datafield ind1=' ' ind2=' ' tag='KPW'><subfield code='a'>18542</subfield></datafield><datafield ind1=' ' ind2=' ' tag='CAT'><subfield code='c'>20070705</subfield><subfield code='l'>CZU01</subfield><subfield code='h'>0921</subfield></datafield><datafield ind1=' ' ind2=' ' tag='CAT'><subfield code='c'>20080313</subfield><subfield code='l'>CZU01</subfield><subfield code='h'>1518</subfield></datafield><datafield ind1=' ' ind2=' ' tag='CAT'><subfield code='a'>KULHAVA</subfield><subfield code='b'>20</subfield><subfield code='c'>20090507</subfield><subfield code='l'>CZU01</subfield><subfield code='h'>1427</subfield></datafield><datafield ind1=' ' ind2=' ' tag='CAT'><subfield code='c'>20091215</subfield><subfield code='l'>CZU01</subfield><subfield code='h'>1325</subfield></datafield><datafield ind1=' ' ind2=' ' tag='CAT'><subfield code='a'>batch</subfield><subfield code='b'>00</subfield><subfield code='c'>20120323</subfield><subfield code='l'>CZU01</subfield><subfield code='h'>1719</subfield></datafield><datafield ind1=' ' ind2=' ' tag='CAT'><subfield code='a'>BATCH-UPD</subfield><subfield code='b'>00</subfield><subfield code='c'>20121123</subfield><subfield code='l'>CZU01</subfield><subfield code='h'>1018</subfield></datafield><datafield ind1=' ' ind2=' ' tag='910'><subfield code='a'>ABD026</subfield></datafield><datafield ind1=' ' ind2=' ' tag='SID'><subfield code='a'>Z39</subfield><subfield code='b'>JIB-Z-SN</subfield></datafield><datafield ind1='0' ind2=' ' tag='090'><subfield code='b'>1</subfield></datafield></record>