
<record><leader>00000camZa22ZZZZZZaZ4500</leader><controlfield tag='001'>czu000039000</controlfield><controlfield tag='003'>CZ-PrCZU</controlfield><controlfield tag='005'>20090507142417.0</controlfield><controlfield tag='007'>co-cg-</controlfield><controlfield tag='008'>990525s1998----xr---------b--------cze--</controlfield><datafield ind1=' ' ind2=' ' tag='020'><subfield code='a'>80-7226-106-1 (příručka)</subfield></datafield><datafield ind1=' ' ind2=' ' tag='040'><subfield code='a'>ABA001</subfield><subfield code='b'>cze</subfield><subfield code='d'>ABA001</subfield><subfield code='d'>ABD026</subfield></datafield><datafield ind1=' ' ind2=' ' tag='080'><subfield code='a'>004.451.9Linux</subfield><subfield code='2'>MRF</subfield></datafield><datafield ind1=' ' ind2=' ' tag='080'><subfield code='a'>(0.034.4)</subfield><subfield code='2'>MRF</subfield></datafield><datafield ind1='0' ind2='0' tag='245'><subfield code='a'>Red Hat Linux 5.1</subfield><subfield code='h'>[elektronický zdroj] /</subfield><subfield code='c'>sestavil Jan Kasprzak</subfield></datafield><datafield ind1=' ' ind2=' ' tag='256'><subfield code='a'>Operační systém</subfield></datafield><datafield ind1=' ' ind2=' ' tag='260'><subfield code='a'>Praha :</subfield><subfield code='b'>Computer Press,</subfield><subfield code='c'>c1998</subfield></datafield><datafield ind1=' ' ind2=' ' tag='300'><subfield code='a'>1 elektronický optický disk (CD-ROM) :</subfield><subfield code='b'>barev. ;</subfield><subfield code='c'>12 cm +</subfield><subfield code='e'>1 instalační příručka</subfield></datafield><datafield ind1='0' ind2=' ' tag='490'><subfield code='a'>Oliver Wight publications</subfield></datafield><datafield ind1=' ' ind2=' ' tag='500'><subfield code='a'>Název z disku</subfield></datafield><datafield ind1=' ' ind2=' ' tag='538'><subfield code='a'>Požadavky na systém: IBM PC kompatibilní, 386 a vyšší; 8 MB RAM; 60 MB volného místa na pevném disku</subfield></datafield><datafield ind1='0' ind2='7' tag='650'><subfield code='a'>Red Hat Linux</subfield><subfield code='7'>ph205118</subfield><subfield code='2'>czenas</subfield></datafield><datafield ind1='0' ind2='7' tag='650'><subfield code='a'>operační systémy</subfield><subfield code='7'>ph115593</subfield><subfield code='2'>czenas</subfield></datafield><datafield ind1='0' ind2='9' tag='650'><subfield code='a'>Linux</subfield><subfield code='2'>eczenas</subfield></datafield><datafield ind1='0' ind2='9' tag='650'><subfield code='a'>Operating systems (Computers)</subfield><subfield code='2'>eczenas</subfield></datafield><datafield ind1=' ' ind2='7' tag='655'><subfield code='a'>software</subfield><subfield code='7'>fd133470</subfield><subfield code='2'>czenas</subfield></datafield><datafield ind1=' ' ind2='7' tag='655'><subfield code='a'>CD-ROM</subfield><subfield code='7'>fd133955</subfield><subfield code='2'>czenas</subfield></datafield><datafield ind1='1' ind2=' ' tag='700'><subfield code='a'>Kasprzak, Jan</subfield><subfield code='4'>com</subfield></datafield><datafield ind1=' ' ind2=' ' tag='KPW'><subfield code='a'>18539</subfield></datafield><datafield ind1=' ' ind2=' ' tag='CAT'><subfield code='c'>20070705</subfield><subfield code='l'>CZU01</subfield><subfield code='h'>0921</subfield></datafield><datafield ind1=' ' ind2=' ' tag='CAT'><subfield code='c'>20080313</subfield><subfield code='l'>CZU01</subfield><subfield code='h'>1518</subfield></datafield><datafield ind1=' ' ind2=' ' tag='CAT'><subfield code='a'>KULHAVA</subfield><subfield code='b'>20</subfield><subfield code='c'>20090507</subfield><subfield code='l'>CZU01</subfield><subfield code='h'>1424</subfield></datafield><datafield ind1=' ' ind2=' ' tag='CAT'><subfield code='a'>batch</subfield><subfield code='b'>00</subfield><subfield code='c'>20120323</subfield><subfield code='l'>CZU01</subfield><subfield code='h'>1719</subfield></datafield><datafield ind1=' ' ind2=' ' tag='CAT'><subfield code='a'>BATCH-UPD</subfield><subfield code='b'>00</subfield><subfield code='c'>20121123</subfield><subfield code='l'>CZU01</subfield><subfield code='h'>1018</subfield></datafield><datafield ind1=' ' ind2=' ' tag='910'><subfield code='a'>ABD026</subfield></datafield><datafield ind1=' ' ind2=' ' tag='SID'><subfield code='a'>Z39</subfield><subfield code='b'>SKC-Z-SN</subfield></datafield><datafield ind1='0' ind2=' ' tag='090'><subfield code='b'>1</subfield></datafield></record>