
<record><leader>00000namZa22ZZZZZZaZ4500</leader><controlfield tag='001'>czu000038966</controlfield><controlfield tag='003'>CZ-PrCZU</controlfield><controlfield tag='005'>20100625124928.0</controlfield><controlfield tag='008'>000425s1999----xxk||||||||||||||-||eng--</controlfield><datafield ind1=' ' ind2=' ' tag='020'><subfield code='a'>0-07-709503-0</subfield></datafield><datafield ind1=' ' ind2=' ' tag='040'><subfield code='a'>ABD100</subfield><subfield code='b'>cze</subfield><subfield code='d'>ABD026</subfield></datafield><datafield ind1=' ' ind2=' ' tag='080'><subfield code='a'>004</subfield></datafield><datafield ind1=' ' ind2=' ' tag='080'><subfield code='a'>530.145</subfield></datafield><datafield ind1='1' ind2=' ' tag='100'><subfield code='a'>Gruska, Jozef</subfield><subfield code='7'>ctua000015790</subfield></datafield><datafield ind1='1' ind2='0' tag='245'><subfield code='a'>Quantum computing /</subfield><subfield code='c'>Jozef Gruska</subfield></datafield><datafield ind1=' ' ind2=' ' tag='260'><subfield code='a'>London :</subfield><subfield code='b'>Osborne-McGraw-Hill,</subfield><subfield code='c'>c1999</subfield></datafield><datafield ind1=' ' ind2=' ' tag='300'><subfield code='a'>xv, 439 s. :</subfield><subfield code='b'>il.</subfield></datafield><datafield ind1='0' ind2=' ' tag='490'><subfield code='a'>Advanced Topics in Computer Science Series</subfield></datafield><datafield ind1=' ' ind2=' ' tag='504'><subfield code='a'>Obsahuje bibliografii a rejstřík</subfield></datafield><datafield ind1='1' ind2='7' tag='650'><subfield code='a'>kvantová teorie</subfield><subfield code='2'>psh</subfield></datafield><datafield ind1='1' ind2='7' tag='650'><subfield code='a'>výpočetní technika</subfield><subfield code='2'>psh</subfield></datafield><datafield ind1=' ' ind2='7' tag='655'><subfield code='a'>monografie</subfield><subfield code='7'>fd132842</subfield><subfield code='2'>czenas</subfield></datafield><datafield ind1=' ' ind2=' ' tag='KPW'><subfield code='a'>18500</subfield></datafield><datafield ind1=' ' ind2=' ' tag='CAT'><subfield code='c'>20070705</subfield><subfield code='l'>CZU01</subfield><subfield code='h'>0921</subfield></datafield><datafield ind1=' ' ind2=' ' tag='CAT'><subfield code='c'>20080313</subfield><subfield code='l'>CZU01</subfield><subfield code='h'>1518</subfield></datafield><datafield ind1=' ' ind2=' ' tag='CAT'><subfield code='a'>BATCH-UPD</subfield><subfield code='b'>00</subfield><subfield code='c'>20091216</subfield><subfield code='l'>CZU01</subfield><subfield code='h'>1121</subfield></datafield><datafield ind1=' ' ind2=' ' tag='CAT'><subfield code='a'>BATCH</subfield><subfield code='b'>00</subfield><subfield code='c'>20091216</subfield><subfield code='l'>CZU01</subfield><subfield code='h'>1506</subfield></datafield><datafield ind1=' ' ind2=' ' tag='CAT'><subfield code='a'>KULHAVA</subfield><subfield code='b'>20</subfield><subfield code='c'>20100625</subfield><subfield code='l'>CZU01</subfield><subfield code='h'>1249</subfield></datafield><datafield ind1=' ' ind2=' ' tag='CAT'><subfield code='a'>batch</subfield><subfield code='b'>00</subfield><subfield code='c'>20120323</subfield><subfield code='l'>CZU01</subfield><subfield code='h'>1719</subfield></datafield><datafield ind1=' ' ind2=' ' tag='910'><subfield code='a'>ABD026</subfield></datafield><datafield ind1=' ' ind2=' ' tag='SID'><subfield code='a'>Z39</subfield><subfield code='b'>SKC-Z</subfield></datafield><datafield ind1='0' ind2=' ' tag='090'><subfield code='b'>1</subfield></datafield></record>