
<record><leader>00000namZa22ZZZZZZaZ4500</leader><controlfield tag='001'>czu000038965</controlfield><controlfield tag='003'>CZ-PrCZU</controlfield><controlfield tag='005'>20100625124618.0</controlfield><controlfield tag='007'>tu</controlfield><controlfield tag='008'>990726s1997----xxua---e------000-0-eng--</controlfield><datafield ind1=' ' ind2=' ' tag='020'><subfield code='a'>0-262-58153-1 (brož.)</subfield></datafield><datafield ind1=' ' ind2=' ' tag='040'><subfield code='a'>ABA001</subfield><subfield code='b'>cze</subfield><subfield code='d'>ABD026</subfield></datafield><datafield ind1=' ' ind2='7' tag='072'><subfield code='a'>004.8</subfield><subfield code='x'>Umělá inteligence</subfield><subfield code='2'>Konspekt</subfield><subfield code='9'>23</subfield></datafield><datafield ind1=' ' ind2=' ' tag='080'><subfield code='a'>004.8</subfield><subfield code='2'>MRF</subfield></datafield><datafield ind1=' ' ind2=' ' tag='080'><subfield code='a'>159.95:165.16</subfield><subfield code='2'>MRF</subfield></datafield><datafield ind1=' ' ind2=' ' tag='080'><subfield code='a'>(082)</subfield><subfield code='2'>MRF</subfield></datafield><datafield ind1='0' ind2='0' tag='245'><subfield code='a'>Mind design II :</subfield><subfield code='b'>philosophy, psychology, artificial intelligence /</subfield><subfield code='c'>edited by John Haugeland</subfield></datafield><datafield ind1=' ' ind2=' ' tag='250'><subfield code='a'>Rev. and enl. ed., 2nd print.</subfield></datafield><datafield ind1=' ' ind2=' ' tag='260'><subfield code='a'>Cambridge, Mass. :</subfield><subfield code='b'>MIT Press,</subfield><subfield code='c'>1997</subfield></datafield><datafield ind1=' ' ind2=' ' tag='300'><subfield code='a'>viii, 476 s. :</subfield><subfield code='b'>il. ;</subfield><subfield code='c'>23 cm</subfield></datafield><datafield ind1='1' ind2=' ' tag='490'><subfield code='a'>A Bradford Book</subfield></datafield><datafield ind1=' ' ind2=' ' tag='504'><subfield code='a'>Bibliografie na s. 455-476</subfield></datafield><datafield ind1='0' ind2='7' tag='650'><subfield code='a'>umělá inteligence</subfield><subfield code='7'>ph116536</subfield><subfield code='2'>czenas</subfield></datafield><datafield ind1='0' ind2='7' tag='650'><subfield code='a'>kognitivní psychologie</subfield><subfield code='7'>ph121696</subfield><subfield code='2'>czenas</subfield></datafield><datafield ind1=' ' ind2='7' tag='655'><subfield code='a'>sborníky</subfield><subfield code='7'>fd163935</subfield><subfield code='2'>czenas</subfield></datafield><datafield ind1='1' ind2=' ' tag='700'><subfield code='a'>Haugeland, John,</subfield><subfield code='d'>1945-</subfield><subfield code='7'>jn20000602828</subfield><subfield code='4'>edt</subfield></datafield><datafield ind1=' ' ind2='2' tag='830'><subfield code='a'>A Bradford Book</subfield></datafield><datafield ind1=' ' ind2=' ' tag='KPW'><subfield code='a'>18499</subfield></datafield><datafield ind1=' ' ind2=' ' tag='CAT'><subfield code='c'>20070705</subfield><subfield code='l'>CZU01</subfield><subfield code='h'>0921</subfield></datafield><datafield ind1=' ' ind2=' ' tag='CAT'><subfield code='c'>20080313</subfield><subfield code='l'>CZU01</subfield><subfield code='h'>1518</subfield></datafield><datafield ind1=' ' ind2=' ' tag='CAT'><subfield code='a'>BATCH-UPD</subfield><subfield code='b'>00</subfield><subfield code='c'>20091216</subfield><subfield code='l'>CZU01</subfield><subfield code='h'>1121</subfield></datafield><datafield ind1=' ' ind2=' ' tag='CAT'><subfield code='a'>BATCH</subfield><subfield code='b'>00</subfield><subfield code='c'>20091216</subfield><subfield code='l'>CZU01</subfield><subfield code='h'>1506</subfield></datafield><datafield ind1=' ' ind2=' ' tag='CAT'><subfield code='a'>KULHAVA</subfield><subfield code='b'>20</subfield><subfield code='c'>20100625</subfield><subfield code='l'>CZU01</subfield><subfield code='h'>1246</subfield></datafield><datafield ind1=' ' ind2=' ' tag='CAT'><subfield code='a'>batch</subfield><subfield code='b'>00</subfield><subfield code='c'>20120323</subfield><subfield code='l'>CZU01</subfield><subfield code='h'>1719</subfield></datafield><datafield ind1=' ' ind2=' ' tag='910'><subfield code='a'>ABD026</subfield></datafield><datafield ind1=' ' ind2=' ' tag='SID'><subfield code='a'>Z39</subfield><subfield code='b'>NKC-Z-SN</subfield></datafield><datafield ind1='0' ind2=' ' tag='090'><subfield code='b'>1</subfield></datafield></record>