
<record><leader>00000camZa22ZZZZZZaZ4500</leader><controlfield tag='001'>czu000038715</controlfield><controlfield tag='003'>CZ-PrCZU</controlfield><controlfield tag='005'>20120913123039.0</controlfield><controlfield tag='008'>000115s2000----xr-----e------------cze-d</controlfield><datafield ind1=' ' ind2=' ' tag='020'><subfield code='a'>80-7178-386-2</subfield></datafield><datafield ind1=' ' ind2=' ' tag='040'><subfield code='a'>BOA001</subfield><subfield code='b'>cze</subfield><subfield code='d'>ABD026</subfield></datafield><datafield ind1=' ' ind2='7' tag='072'><subfield code='a'>159.9</subfield><subfield code='x'>Psychologie</subfield><subfield code='2'>Konspekt</subfield><subfield code='9'>17</subfield></datafield><datafield ind1=' ' ind2=' ' tag='080'><subfield code='a'>159.9(091)</subfield><subfield code='2'>MRF</subfield></datafield><datafield ind1=' ' ind2=' ' tag='080'><subfield code='a'>(048.8)</subfield><subfield code='2'>MRF</subfield></datafield><datafield ind1='1' ind2=' ' tag='100'><subfield code='a'>Hunt, Morton M.,</subfield><subfield code='d'>1920-</subfield><subfield code='7'>skuk0003151</subfield><subfield code='4'>aut</subfield></datafield><datafield ind1='1' ind2='0' tag='245'><subfield code='a'>Dějiny psychologie /</subfield><subfield code='c'>Morton Hunt</subfield></datafield><datafield ind1=' ' ind2=' ' tag='250'><subfield code='a'>Vyd. 1.</subfield></datafield><datafield ind1=' ' ind2=' ' tag='260'><subfield code='a'>Praha :</subfield><subfield code='b'>Portál,</subfield><subfield code='c'>2000</subfield></datafield><datafield ind1=' ' ind2=' ' tag='300'><subfield code='a'>708 s. :</subfield><subfield code='b'>il. ;</subfield><subfield code='c'>24 cm</subfield></datafield><datafield ind1=' ' ind2=' ' tag='500'><subfield code='a'>Bibliogr.</subfield></datafield><datafield ind1='0' ind2='7' tag='650'><subfield code='a'>dějiny psychologie</subfield><subfield code='7'>ph363193</subfield><subfield code='2'>czenas</subfield></datafield><datafield ind1=' ' ind2='7' tag='655'><subfield code='a'>přehledy</subfield><subfield code='7'>fd133202</subfield><subfield code='2'>czenas</subfield></datafield><datafield ind1='0' ind2=' ' tag='765'><subfield code='t'>&lt;&lt;The &gt;&gt;story of psychology</subfield></datafield><datafield ind1=' ' ind2=' ' tag='KPW'><subfield code='a'>18229</subfield></datafield><datafield ind1=' ' ind2=' ' tag='CAT'><subfield code='c'>20070705</subfield><subfield code='l'>CZU01</subfield><subfield code='h'>0921</subfield></datafield><datafield ind1=' ' ind2=' ' tag='CAT'><subfield code='c'>20080313</subfield><subfield code='l'>CZU01</subfield><subfield code='h'>1518</subfield></datafield><datafield ind1=' ' ind2=' ' tag='CAT'><subfield code='a'>KULHAVA</subfield><subfield code='b'>20</subfield><subfield code='c'>20090511</subfield><subfield code='l'>CZU01</subfield><subfield code='h'>1338</subfield></datafield><datafield ind1=' ' ind2=' ' tag='CAT'><subfield code='a'>batch</subfield><subfield code='b'>00</subfield><subfield code='c'>20120323</subfield><subfield code='l'>CZU01</subfield><subfield code='h'>1719</subfield></datafield><datafield ind1=' ' ind2=' ' tag='CAT'><subfield code='a'>KULHAVA</subfield><subfield code='b'>20</subfield><subfield code='c'>20120913</subfield><subfield code='l'>CZU01</subfield><subfield code='h'>1230</subfield></datafield><datafield ind1=' ' ind2=' ' tag='CAT'><subfield code='a'>BATCH-UPD</subfield><subfield code='b'>20</subfield><subfield code='c'>20121123</subfield><subfield code='l'>CZU01</subfield><subfield code='h'>1018</subfield></datafield><datafield ind1=' ' ind2=' ' tag='910'><subfield code='a'>ABD026</subfield></datafield><datafield ind1=' ' ind2=' ' tag='SID'><subfield code='a'>Z39</subfield><subfield code='b'>JIB-Z-SN</subfield></datafield><datafield ind1='0' ind2=' ' tag='090'><subfield code='b'>1</subfield></datafield></record>