
<record><leader>00000namZa22ZZZZZZaZ4500</leader><controlfield tag='001'>czu000038393</controlfield><controlfield tag='003'>CZ-PrCZU</controlfield><controlfield tag='005'>20120627094926.0</controlfield><controlfield tag='008'>950613s1995----xxu-----------------eng--</controlfield><datafield ind1=' ' ind2=' ' tag='020'><subfield code='a'>0-471-04521-7</subfield></datafield><datafield ind1=' ' ind2=' ' tag='040'><subfield code='a'>ABA013</subfield><subfield code='b'>cze</subfield><subfield code='d'>ABD026</subfield></datafield><datafield ind1=' ' ind2=' ' tag='080'><subfield code='a'>339:681.3.06</subfield></datafield><datafield ind1=' ' ind2=' ' tag='080'><subfield code='a'>658:681.3.06</subfield></datafield><datafield ind1='1' ind2=' ' tag='100'><subfield code='a'>Taylor, David A.</subfield><subfield code='7'>ntk2011673151</subfield><subfield code='4'>aut</subfield></datafield><datafield ind1='1' ind2='0' tag='245'><subfield code='a'>Business engineering with object technology /</subfield><subfield code='c'>David A. Taylor</subfield></datafield><datafield ind1=' ' ind2=' ' tag='260'><subfield code='a'>New York :</subfield><subfield code='b'>Wiley,</subfield><subfield code='c'>1995</subfield></datafield><datafield ind1=' ' ind2=' ' tag='300'><subfield code='a'>188 s.</subfield></datafield><datafield ind1='0' ind2='4' tag='650'><subfield code='a'>obchod</subfield><subfield code='x'>ev</subfield><subfield code='2'>psh</subfield></datafield><datafield ind1='0' ind2='4' tag='650'><subfield code='a'>software</subfield><subfield code='x'>vt</subfield><subfield code='2'>psh</subfield></datafield><datafield ind1=' ' ind2=' ' tag='KPW'><subfield code='a'>17864</subfield></datafield><datafield ind1=' ' ind2=' ' tag='CAT'><subfield code='c'>20070705</subfield><subfield code='l'>CZU01</subfield><subfield code='h'>0921</subfield></datafield><datafield ind1=' ' ind2=' ' tag='CAT'><subfield code='c'>20080313</subfield><subfield code='l'>CZU01</subfield><subfield code='h'>1518</subfield></datafield><datafield ind1=' ' ind2=' ' tag='CAT'><subfield code='a'>BATCH-UPD</subfield><subfield code='b'>00</subfield><subfield code='c'>20091216</subfield><subfield code='l'>CZU01</subfield><subfield code='h'>1121</subfield></datafield><datafield ind1=' ' ind2=' ' tag='CAT'><subfield code='a'>BATCH</subfield><subfield code='b'>00</subfield><subfield code='c'>20091216</subfield><subfield code='l'>CZU01</subfield><subfield code='h'>1506</subfield></datafield><datafield ind1=' ' ind2=' ' tag='CAT'><subfield code='a'>KULHAVA</subfield><subfield code='b'>20</subfield><subfield code='c'>20100622</subfield><subfield code='l'>CZU01</subfield><subfield code='h'>1426</subfield></datafield><datafield ind1=' ' ind2=' ' tag='CAT'><subfield code='a'>batch</subfield><subfield code='b'>00</subfield><subfield code='c'>20120323</subfield><subfield code='l'>CZU01</subfield><subfield code='h'>1719</subfield></datafield><datafield ind1=' ' ind2=' ' tag='CAT'><subfield code='a'>KULHAVA</subfield><subfield code='b'>20</subfield><subfield code='c'>20120627</subfield><subfield code='l'>CZU01</subfield><subfield code='h'>0949</subfield></datafield><datafield ind1=' ' ind2=' ' tag='910'><subfield code='a'>ABD026</subfield></datafield><datafield ind1=' ' ind2=' ' tag='SID'><subfield code='a'>Z39</subfield><subfield code='b'>SKC-Z</subfield></datafield><datafield ind1='0' ind2=' ' tag='090'><subfield code='b'>1</subfield></datafield></record>