
<record><leader>00000namZa22ZZZZZZaZ4500</leader><controlfield tag='001'>czu000038272</controlfield><controlfield tag='003'>CZ-PrCZU</controlfield><controlfield tag='005'>20110118131031.0</controlfield><controlfield tag='008'>020405s1998----ne------------------eng--</controlfield><datafield ind1=' ' ind2=' ' tag='020'><subfield code='a'>0-201-25829-3</subfield></datafield><datafield ind1=' ' ind2=' ' tag='040'><subfield code='a'>ABD026</subfield><subfield code='b'>cze</subfield></datafield><datafield ind1=' ' ind2=' ' tag='080'><subfield code='a'>004.42</subfield><subfield code='2'>MRF</subfield></datafield><datafield ind1='1' ind2=' ' tag='100'><subfield code='a'>Embley, David W.</subfield><subfield code='7'>stk2007383331</subfield></datafield><datafield ind1='1' ind2='0' tag='245'><subfield code='a'>Object database development :</subfield><subfield code='b'>concepts and principles /</subfield><subfield code='c'>David W. Embley</subfield></datafield><datafield ind1=' ' ind2=' ' tag='250'><subfield code='a'>1.vyd.</subfield></datafield><datafield ind1=' ' ind2=' ' tag='260'><subfield code='a'>AMSTERDAM :</subfield><subfield code='b'>ADDISON-WESLEY,</subfield><subfield code='c'>1998</subfield></datafield><datafield ind1=' ' ind2=' ' tag='300'><subfield code='a'>877 s.</subfield></datafield><datafield ind1=' ' ind2='7' tag='650'><subfield code='a'>programování</subfield><subfield code='7'>ph115891</subfield><subfield code='2'>czenas</subfield></datafield><datafield ind1=' ' ind2='7' tag='650'><subfield code='a'>databáze</subfield><subfield code='7'>ph114295</subfield><subfield code='2'>czenas</subfield></datafield><datafield ind1=' ' ind2='7' tag='650'><subfield code='a'>programovací jazyky</subfield><subfield code='7'>ph115890</subfield><subfield code='2'>czenas</subfield></datafield><datafield ind1=' ' ind2=' ' tag='KPW'><subfield code='a'>17734</subfield></datafield><datafield ind1=' ' ind2=' ' tag='CAT'><subfield code='c'>20070705</subfield><subfield code='l'>CZU01</subfield><subfield code='h'>0921</subfield></datafield><datafield ind1=' ' ind2=' ' tag='CAT'><subfield code='c'>20080313</subfield><subfield code='l'>CZU01</subfield><subfield code='h'>1518</subfield></datafield><datafield ind1=' ' ind2=' ' tag='CAT'><subfield code='a'>BATCH-UPD</subfield><subfield code='b'>00</subfield><subfield code='c'>20091216</subfield><subfield code='l'>CZU01</subfield><subfield code='h'>1121</subfield></datafield><datafield ind1=' ' ind2=' ' tag='CAT'><subfield code='a'>BATCH</subfield><subfield code='b'>00</subfield><subfield code='c'>20091216</subfield><subfield code='l'>CZU01</subfield><subfield code='h'>1506</subfield></datafield><datafield ind1=' ' ind2=' ' tag='CAT'><subfield code='a'>KULHAVA</subfield><subfield code='b'>20</subfield><subfield code='c'>20100312</subfield><subfield code='l'>CZU01</subfield><subfield code='h'>1053</subfield></datafield><datafield ind1=' ' ind2=' ' tag='CAT'><subfield code='a'>KULHAVA</subfield><subfield code='b'>20</subfield><subfield code='c'>20100622</subfield><subfield code='l'>CZU01</subfield><subfield code='h'>1435</subfield></datafield><datafield ind1=' ' ind2=' ' tag='CAT'><subfield code='a'>KULHAVA</subfield><subfield code='b'>20</subfield><subfield code='c'>20110118</subfield><subfield code='l'>CZU01</subfield><subfield code='h'>1310</subfield></datafield><datafield ind1=' ' ind2=' ' tag='CAT'><subfield code='a'>KULHAVA</subfield><subfield code='b'>20</subfield><subfield code='c'>20110118</subfield><subfield code='l'>CZU01</subfield><subfield code='h'>1310</subfield></datafield><datafield ind1=' ' ind2=' ' tag='CAT'><subfield code='a'>batch</subfield><subfield code='b'>00</subfield><subfield code='c'>20120323</subfield><subfield code='l'>CZU01</subfield><subfield code='h'>1719</subfield></datafield><datafield ind1=' ' ind2=' ' tag='910'><subfield code='a'>ABD026</subfield></datafield><datafield ind1='0' ind2=' ' tag='090'><subfield code='b'>1</subfield></datafield></record>