
<record><leader>00000namZa22ZZZZZZaZ4500</leader><controlfield tag='001'>czu000038265</controlfield><controlfield tag='003'>CZ-PrCZU</controlfield><controlfield tag='005'>20110118130703.0</controlfield><controlfield tag='008'>970314s1996----xxu----|-----|------eng--</controlfield><datafield ind1=' ' ind2=' ' tag='020'><subfield code='a'>0-387-94775-2 (váz.)</subfield></datafield><datafield ind1=' ' ind2=' ' tag='040'><subfield code='a'>OSD002</subfield><subfield code='b'>cze</subfield><subfield code='d'>ABD026</subfield></datafield><datafield ind1=' ' ind2=' ' tag='080'><subfield code='a'>004.4</subfield></datafield><datafield ind1='1' ind2=' ' tag='100'><subfield code='a'>Abadi, Martín</subfield><subfield code='7'>xx0028391</subfield><subfield code='4'>aut</subfield></datafield><datafield ind1='1' ind2='2' tag='245'><subfield code='a'>A theory of objects /</subfield><subfield code='c'>Martín Abadi, Luca Cardelli</subfield></datafield><datafield ind1=' ' ind2=' ' tag='260'><subfield code='a'>New York :</subfield><subfield code='b'>Springer,</subfield><subfield code='c'>c1996</subfield></datafield><datafield ind1=' ' ind2=' ' tag='300'><subfield code='a'>xiii, 396 s. :</subfield><subfield code='b'>il.</subfield></datafield><datafield ind1='1' ind2=' ' tag='490'><subfield code='a'>Monographs in computer science</subfield></datafield><datafield ind1='1' ind2=' ' tag='700'><subfield code='a'>Cardelli, Luca,</subfield><subfield code='d'>1954-</subfield><subfield code='7'>xx0012452</subfield><subfield code='4'>aut</subfield></datafield><datafield ind1=' ' ind2='0' tag='830'><subfield code='a'>Monographs in computer science</subfield></datafield><datafield ind1=' ' ind2=' ' tag='KPW'><subfield code='a'>17727</subfield></datafield><datafield ind1=' ' ind2=' ' tag='CAT'><subfield code='c'>20070705</subfield><subfield code='l'>CZU01</subfield><subfield code='h'>0921</subfield></datafield><datafield ind1=' ' ind2=' ' tag='CAT'><subfield code='c'>20080313</subfield><subfield code='l'>CZU01</subfield><subfield code='h'>1518</subfield></datafield><datafield ind1=' ' ind2=' ' tag='CAT'><subfield code='a'>BATCH-UPD</subfield><subfield code='b'>00</subfield><subfield code='c'>20091216</subfield><subfield code='l'>CZU01</subfield><subfield code='h'>1121</subfield></datafield><datafield ind1=' ' ind2=' ' tag='CAT'><subfield code='a'>BATCH</subfield><subfield code='b'>00</subfield><subfield code='c'>20091216</subfield><subfield code='l'>CZU01</subfield><subfield code='h'>1506</subfield></datafield><datafield ind1=' ' ind2=' ' tag='CAT'><subfield code='a'>KULHAVA</subfield><subfield code='b'>20</subfield><subfield code='c'>20100622</subfield><subfield code='l'>CZU01</subfield><subfield code='h'>1421</subfield></datafield><datafield ind1=' ' ind2=' ' tag='CAT'><subfield code='a'>KULHAVA</subfield><subfield code='b'>20</subfield><subfield code='c'>20110118</subfield><subfield code='l'>CZU01</subfield><subfield code='h'>1307</subfield></datafield><datafield ind1=' ' ind2=' ' tag='910'><subfield code='a'>ABD026</subfield></datafield><datafield ind1=' ' ind2=' ' tag='SID'><subfield code='a'>Z39</subfield><subfield code='b'>SKC-Z-SN</subfield></datafield><datafield ind1='0' ind2=' ' tag='090'><subfield code='b'>1</subfield></datafield></record>