
<record><leader>00000namZa22ZZZZZZaZ4500</leader><controlfield tag='001'>czu000038202</controlfield><controlfield tag='003'>CZ-PrCZU</controlfield><controlfield tag='005'>20110118124347.0</controlfield><controlfield tag='008'>020405s1991----xxk-----------------eng--</controlfield><datafield ind1=' ' ind2=' ' tag='020'><subfield code='a'>0-8385-8034-3</subfield></datafield><datafield ind1=' ' ind2=' ' tag='040'><subfield code='a'>ABD026</subfield><subfield code='b'>cze</subfield></datafield><datafield ind1='1' ind2=' ' tag='100'><subfield code='a'>Kandel, Eric R.,</subfield><subfield code='d'>1929-</subfield><subfield code='7'>nlk20050166913</subfield></datafield><datafield ind1='1' ind2='0' tag='245'><subfield code='a'>Principles of neural science /</subfield><subfield code='c'>Eric R. Kandel, James H. Schwartz, Thomas M. Jessell</subfield></datafield><datafield ind1=' ' ind2=' ' tag='250'><subfield code='a'>3.vyd.</subfield></datafield><datafield ind1=' ' ind2=' ' tag='260'><subfield code='a'>NORWALK :</subfield><subfield code='b'>APPLETON&amp;LANGE,</subfield><subfield code='c'>1991</subfield></datafield><datafield ind1=' ' ind2=' ' tag='300'><subfield code='a'>1135 s.</subfield></datafield><datafield ind1=' ' ind2='7' tag='650'><subfield code='a'>neurologie</subfield><subfield code='7'>ph123260</subfield><subfield code='2'>czenas</subfield></datafield><datafield ind1='1' ind2=' ' tag='700'><subfield code='a'>Schwartz, James H.</subfield><subfield code='q'>(James Harris),</subfield><subfield code='d'>1932-</subfield><subfield code='7'>skuk0001249</subfield></datafield><datafield ind1='1' ind2=' ' tag='700'><subfield code='a'>Jessell, Thomas M.</subfield><subfield code='7'>nlk20050166914</subfield></datafield><datafield ind1=' ' ind2=' ' tag='KPW'><subfield code='a'>17662</subfield></datafield><datafield ind1=' ' ind2=' ' tag='CAT'><subfield code='c'>20070705</subfield><subfield code='l'>CZU01</subfield><subfield code='h'>0921</subfield></datafield><datafield ind1=' ' ind2=' ' tag='CAT'><subfield code='c'>20080313</subfield><subfield code='l'>CZU01</subfield><subfield code='h'>1518</subfield></datafield><datafield ind1=' ' ind2=' ' tag='CAT'><subfield code='a'>BATCH-UPD</subfield><subfield code='b'>00</subfield><subfield code='c'>20091216</subfield><subfield code='l'>CZU01</subfield><subfield code='h'>1121</subfield></datafield><datafield ind1=' ' ind2=' ' tag='CAT'><subfield code='a'>BATCH</subfield><subfield code='b'>00</subfield><subfield code='c'>20091216</subfield><subfield code='l'>CZU01</subfield><subfield code='h'>1506</subfield></datafield><datafield ind1=' ' ind2=' ' tag='CAT'><subfield code='a'>KULHAVA</subfield><subfield code='b'>20</subfield><subfield code='c'>20100622</subfield><subfield code='l'>CZU01</subfield><subfield code='h'>1354</subfield></datafield><datafield ind1=' ' ind2=' ' tag='CAT'><subfield code='a'>KULHAVA</subfield><subfield code='b'>20</subfield><subfield code='c'>20110118</subfield><subfield code='l'>CZU01</subfield><subfield code='h'>1243</subfield></datafield><datafield ind1=' ' ind2=' ' tag='CAT'><subfield code='a'>batch</subfield><subfield code='b'>00</subfield><subfield code='c'>20120323</subfield><subfield code='l'>CZU01</subfield><subfield code='h'>1719</subfield></datafield><datafield ind1=' ' ind2=' ' tag='910'><subfield code='a'>ABD026</subfield></datafield><datafield ind1='0' ind2=' ' tag='090'><subfield code='b'>1</subfield></datafield></record>