
<record><leader>00000namZa22ZZZZZZaZ4500</leader><controlfield tag='001'>czu000038201</controlfield><controlfield tag='003'>CZ-PrCZU</controlfield><controlfield tag='005'>20110118125301.0</controlfield><controlfield tag='007'>ta</controlfield><controlfield tag='008'>961101s1996----xxu----------u0|0-0-eng--</controlfield><datafield ind1=' ' ind2=' ' tag='020'><subfield code='a'>0-07-006618-3</subfield></datafield><datafield ind1=' ' ind2=' ' tag='040'><subfield code='a'>ZLD002</subfield><subfield code='b'>cze</subfield><subfield code='d'>ZLD002</subfield><subfield code='d'>ABD026</subfield></datafield><datafield ind1='1' ind2=' ' tag='100'><subfield code='a'>Bose, N.K.</subfield><subfield code='4'>aut</subfield></datafield><datafield ind1='1' ind2='0' tag='245'><subfield code='a'>Neural Network Fundamentals with Graphs, Algorithms, and Applications :</subfield><subfield code='b'>Electrical and Computer Engineering Series /</subfield><subfield code='c'>N.K. Bose, P. Liang</subfield></datafield><datafield ind1=' ' ind2=' ' tag='250'><subfield code='a'>5th ed.</subfield></datafield><datafield ind1=' ' ind2=' ' tag='260'><subfield code='a'>New York :</subfield><subfield code='b'>McGraw-Hill,</subfield><subfield code='c'>1996</subfield></datafield><datafield ind1=' ' ind2=' ' tag='300'><subfield code='a'>478 s.</subfield></datafield><datafield ind1='1' ind2=' ' tag='700'><subfield code='a'>Liang, P.</subfield><subfield code='4'>aut</subfield></datafield><datafield ind1=' ' ind2=' ' tag='KPW'><subfield code='a'>17661</subfield></datafield><datafield ind1=' ' ind2=' ' tag='CAT'><subfield code='c'>20070705</subfield><subfield code='l'>CZU01</subfield><subfield code='h'>0921</subfield></datafield><datafield ind1=' ' ind2=' ' tag='CAT'><subfield code='c'>20080313</subfield><subfield code='l'>CZU01</subfield><subfield code='h'>1518</subfield></datafield><datafield ind1=' ' ind2=' ' tag='CAT'><subfield code='a'>BATCH-UPD</subfield><subfield code='b'>00</subfield><subfield code='c'>20091216</subfield><subfield code='l'>CZU01</subfield><subfield code='h'>1121</subfield></datafield><datafield ind1=' ' ind2=' ' tag='CAT'><subfield code='a'>BATCH</subfield><subfield code='b'>00</subfield><subfield code='c'>20091216</subfield><subfield code='l'>CZU01</subfield><subfield code='h'>1506</subfield></datafield><datafield ind1=' ' ind2=' ' tag='CAT'><subfield code='a'>KULHAVA</subfield><subfield code='b'>20</subfield><subfield code='c'>20100622</subfield><subfield code='l'>CZU01</subfield><subfield code='h'>1355</subfield></datafield><datafield ind1=' ' ind2=' ' tag='CAT'><subfield code='a'>KULHAVA</subfield><subfield code='b'>20</subfield><subfield code='c'>20110118</subfield><subfield code='l'>CZU01</subfield><subfield code='h'>1252</subfield></datafield><datafield ind1=' ' ind2=' ' tag='CAT'><subfield code='a'>KULHAVA</subfield><subfield code='b'>20</subfield><subfield code='c'>20110118</subfield><subfield code='l'>CZU01</subfield><subfield code='h'>1253</subfield></datafield><datafield ind1=' ' ind2=' ' tag='910'><subfield code='a'>ABD026</subfield></datafield><datafield ind1=' ' ind2=' ' tag='SID'><subfield code='a'>Z39</subfield><subfield code='b'>SKC-Z-SN</subfield></datafield><datafield ind1='0' ind2=' ' tag='090'><subfield code='b'>1</subfield></datafield></record>