
<record><leader>00000camZa22ZZZZZZaZ4500</leader><controlfield tag='001'>czu000038146</controlfield><controlfield tag='003'>CZ-PrCZU</controlfield><controlfield tag='005'>20120627095609.0</controlfield><controlfield tag='008'>020418s1998----xxu-----------------eng--</controlfield><datafield ind1=' ' ind2=' ' tag='020'><subfield code='a'>1-55860-510-X (Morgan Kuafmann, San Francisco)</subfield></datafield><datafield ind1=' ' ind2=' ' tag='020'><subfield code='a'>3-920993-58-6 (dpunkt, Heidelberg)</subfield></datafield><datafield ind1=' ' ind2=' ' tag='040'><subfield code='a'>PAD001</subfield><subfield code='b'>cze</subfield><subfield code='d'>ABD026</subfield></datafield><datafield ind1=' ' ind2=' ' tag='080'><subfield code='a'>004.9</subfield></datafield><datafield ind1='0' ind2='0' tag='245'><subfield code='a'>Genetic programming - an introduction :</subfield><subfield code='b'>on the automatic of computer programs and its applications /</subfield><subfield code='c'>Wolfgang Banzhaf ... [et al.]</subfield></datafield><datafield ind1=' ' ind2=' ' tag='260'><subfield code='a'>San Francisco :</subfield><subfield code='b'>Morgan Kaufmann ;</subfield><subfield code='a'>Heidelberg :</subfield><subfield code='b'>Verlag für digitale Technologie,</subfield><subfield code='c'>1998</subfield></datafield><datafield ind1=' ' ind2=' ' tag='300'><subfield code='a'>xix, 470 s. :</subfield><subfield code='b'>il.</subfield></datafield><datafield ind1='1' ind2=' ' tag='700'><subfield code='a'>Banzhaf, Wolfgang,</subfield><subfield code='d'>1955-</subfield><subfield code='7'>vut2010605776</subfield></datafield><datafield ind1=' ' ind2=' ' tag='KPW'><subfield code='a'>17603</subfield></datafield><datafield ind1=' ' ind2=' ' tag='CAT'><subfield code='c'>20070705</subfield><subfield code='l'>CZU01</subfield><subfield code='h'>0921</subfield></datafield><datafield ind1=' ' ind2=' ' tag='CAT'><subfield code='c'>20080313</subfield><subfield code='l'>CZU01</subfield><subfield code='h'>1518</subfield></datafield><datafield ind1=' ' ind2=' ' tag='CAT'><subfield code='a'>KULHAVA</subfield><subfield code='b'>20</subfield><subfield code='c'>20090506</subfield><subfield code='l'>CZU01</subfield><subfield code='h'>1058</subfield></datafield><datafield ind1=' ' ind2=' ' tag='CAT'><subfield code='a'>BATCH-UPD</subfield><subfield code='b'>20</subfield><subfield code='c'>20091216</subfield><subfield code='l'>CZU01</subfield><subfield code='h'>1121</subfield></datafield><datafield ind1=' ' ind2=' ' tag='CAT'><subfield code='a'>KULHAVA</subfield><subfield code='b'>20</subfield><subfield code='c'>20100622</subfield><subfield code='l'>CZU01</subfield><subfield code='h'>1334</subfield></datafield><datafield ind1=' ' ind2=' ' tag='CAT'><subfield code='a'>KULHAVA</subfield><subfield code='b'>20</subfield><subfield code='c'>20120627</subfield><subfield code='l'>CZU01</subfield><subfield code='h'>0956</subfield></datafield><datafield ind1=' ' ind2=' ' tag='CAT'><subfield code='a'>BATCH-UPD</subfield><subfield code='b'>20</subfield><subfield code='c'>20121123</subfield><subfield code='l'>CZU01</subfield><subfield code='h'>1017</subfield></datafield><datafield ind1=' ' ind2=' ' tag='910'><subfield code='a'>ABD026</subfield></datafield><datafield ind1=' ' ind2=' ' tag='SID'><subfield code='a'>Z39</subfield><subfield code='b'>SKC-Z-SN</subfield></datafield><datafield ind1='0' ind2=' ' tag='090'><subfield code='b'>1</subfield></datafield></record>