
<record><leader>00000namZa22ZZZZZZaZ4500</leader><controlfield tag='001'>czu000038142</controlfield><controlfield tag='003'>CZ-PrCZU</controlfield><controlfield tag='005'>20120627095544.0</controlfield><controlfield tag='008'>981216s1997----xxk----|-----|------eng--</controlfield><datafield ind1=' ' ind2=' ' tag='020'><subfield code='a'>0-471-97151-0 (váz.)</subfield></datafield><datafield ind1=' ' ind2=' ' tag='040'><subfield code='a'>ABA006</subfield><subfield code='b'>cze</subfield><subfield code='d'>ABD026</subfield></datafield><datafield ind1=' ' ind2=' ' tag='080'><subfield code='a'>519.8</subfield></datafield><datafield ind1='1' ind2=' ' tag='100'><subfield code='a'>Nauck, Detlef</subfield><subfield code='4'>aut</subfield></datafield><datafield ind1='1' ind2='0' tag='245'><subfield code='a'>Foundations of neuro-fuzzy systems /</subfield><subfield code='c'>Detlef Nauck, Frank Klawonn, Rudolf Kruse</subfield></datafield><datafield ind1=' ' ind2=' ' tag='260'><subfield code='a'>Chichester :</subfield><subfield code='b'>John Wiley &amp; Sons,</subfield><subfield code='c'>1997</subfield></datafield><datafield ind1=' ' ind2=' ' tag='300'><subfield code='a'>x, 305 s. :</subfield><subfield code='b'>grafy, obr., tab.</subfield></datafield><datafield ind1=' ' ind2=' ' tag='500'><subfield code='a'>Lit. s. 291</subfield></datafield><datafield ind1=' ' ind2=' ' tag='500'><subfield code='a'>Rejstř.</subfield></datafield><datafield ind1='1' ind2=' ' tag='700'><subfield code='a'>Klawonn, Frank,</subfield><subfield code='d'>1964-</subfield><subfield code='7'>utb2012686554</subfield><subfield code='4'>aut</subfield></datafield><datafield ind1='1' ind2=' ' tag='700'><subfield code='a'>Kruse, Rudolf,</subfield><subfield code='d'>1952-</subfield><subfield code='7'>mub2012701662</subfield><subfield code='4'>aut</subfield></datafield><datafield ind1=' ' ind2=' ' tag='KPW'><subfield code='a'>17599</subfield></datafield><datafield ind1=' ' ind2=' ' tag='CAT'><subfield code='c'>20070705</subfield><subfield code='l'>CZU01</subfield><subfield code='h'>0921</subfield></datafield><datafield ind1=' ' ind2=' ' tag='CAT'><subfield code='c'>20080313</subfield><subfield code='l'>CZU01</subfield><subfield code='h'>1518</subfield></datafield><datafield ind1=' ' ind2=' ' tag='CAT'><subfield code='a'>BATCH-UPD</subfield><subfield code='b'>00</subfield><subfield code='c'>20091216</subfield><subfield code='l'>CZU01</subfield><subfield code='h'>1121</subfield></datafield><datafield ind1=' ' ind2=' ' tag='CAT'><subfield code='a'>BATCH</subfield><subfield code='b'>00</subfield><subfield code='c'>20091216</subfield><subfield code='l'>CZU01</subfield><subfield code='h'>1506</subfield></datafield><datafield ind1=' ' ind2=' ' tag='CAT'><subfield code='a'>KULHAVA</subfield><subfield code='b'>20</subfield><subfield code='c'>20100622</subfield><subfield code='l'>CZU01</subfield><subfield code='h'>1333</subfield></datafield><datafield ind1=' ' ind2=' ' tag='CAT'><subfield code='a'>KULHAVA</subfield><subfield code='b'>20</subfield><subfield code='c'>20120627</subfield><subfield code='l'>CZU01</subfield><subfield code='h'>0955</subfield></datafield><datafield ind1=' ' ind2=' ' tag='CAT'><subfield code='a'>KULHAVA</subfield><subfield code='b'>20</subfield><subfield code='c'>20120627</subfield><subfield code='l'>CZU01</subfield><subfield code='h'>0955</subfield></datafield><datafield ind1=' ' ind2=' ' tag='910'><subfield code='a'>ABD026</subfield></datafield><datafield ind1=' ' ind2=' ' tag='SID'><subfield code='a'>Z39</subfield><subfield code='b'>SKC-Z</subfield></datafield><datafield ind1='0' ind2=' ' tag='090'><subfield code='b'>1</subfield></datafield></record>