
<record><leader>00000camZa22ZZZZZZaZ4500</leader><controlfield tag='001'>czu000038034</controlfield><controlfield tag='003'>CZ-PrCZU</controlfield><controlfield tag='005'>20090729123954.0</controlfield><controlfield tag='008'>020605s1997----xxu|||||-|||||||||||eng|d</controlfield><datafield ind1=' ' ind2=' ' tag='020'><subfield code='a'>0534954251</subfield></datafield><datafield ind1=' ' ind2=' ' tag='040'><subfield code='a'>BOD018</subfield><subfield code='b'>cze</subfield><subfield code='d'>BOD018</subfield><subfield code='d'>ABD026</subfield></datafield><datafield ind1='1' ind2=' ' tag='100'><subfield code='a'>Fenton, Norman E.</subfield><subfield code='4'>aut</subfield></datafield><datafield ind1='1' ind2='0' tag='245'><subfield code='a'>Software metrics :</subfield><subfield code='b'>a rigorous and practical approach /</subfield><subfield code='c'>by Norman E. Fenton and Shari Larence Pfleeger.</subfield></datafield><datafield ind1=' ' ind2=' ' tag='250'><subfield code='a'>2nd ed.</subfield></datafield><datafield ind1=' ' ind2=' ' tag='260'><subfield code='a'>Boston :</subfield><subfield code='b'>PWS Publishing,</subfield><subfield code='c'>c1997.</subfield></datafield><datafield ind1=' ' ind2=' ' tag='300'><subfield code='a'>xii, 638 s.</subfield></datafield><datafield ind1='1' ind2=' ' tag='700'><subfield code='a'>Pfleeger, Shari Lawrence.</subfield><subfield code='4'>aut</subfield></datafield><datafield ind1=' ' ind2=' ' tag='KPW'><subfield code='a'>17456</subfield></datafield><datafield ind1=' ' ind2=' ' tag='CAT'><subfield code='c'>20070705</subfield><subfield code='l'>CZU01</subfield><subfield code='h'>0921</subfield></datafield><datafield ind1=' ' ind2=' ' tag='CAT'><subfield code='c'>20080313</subfield><subfield code='l'>CZU01</subfield><subfield code='h'>1518</subfield></datafield><datafield ind1=' ' ind2=' ' tag='CAT'><subfield code='a'>KULHAVA</subfield><subfield code='b'>20</subfield><subfield code='c'>20090729</subfield><subfield code='l'>CZU01</subfield><subfield code='h'>1239</subfield></datafield><datafield ind1=' ' ind2=' ' tag='CAT'><subfield code='a'>BATCH-UPD</subfield><subfield code='b'>20</subfield><subfield code='c'>20121123</subfield><subfield code='l'>CZU01</subfield><subfield code='h'>1017</subfield></datafield><datafield ind1=' ' ind2=' ' tag='910'><subfield code='a'>ABD026</subfield></datafield><datafield ind1=' ' ind2=' ' tag='SID'><subfield code='a'>Z39</subfield><subfield code='b'>SKC-Z</subfield></datafield><datafield ind1='0' ind2=' ' tag='090'><subfield code='b'>2</subfield></datafield></record>