
<record><leader>00000namZa22ZZZZZZaZ4500</leader><controlfield tag='001'>czu000037001</controlfield><controlfield tag='003'>CZ-PrCZU</controlfield><controlfield tag='005'>20130115085552.0</controlfield><controlfield tag='007'>ta</controlfield><controlfield tag='008'>990212s19992003xr-abehe------001-0-cze--</controlfield><datafield ind1=' ' ind2=' ' tag='020'><subfield code='a'>80-7203-082-5 (váz.)</subfield></datafield><datafield ind1=' ' ind2=' ' tag='035'><subfield code='a'>(OCoLC)45022440</subfield></datafield><datafield ind1=' ' ind2=' ' tag='040'><subfield code='a'>ABA001</subfield><subfield code='b'>cze</subfield><subfield code='d'>ABD026</subfield></datafield><datafield ind1=' ' ind2=' ' tag='043'><subfield code='a'>e-xr---</subfield></datafield><datafield ind1=' ' ind2='7' tag='072'><subfield code='a'>72</subfield><subfield code='x'>Architektura</subfield><subfield code='2'>Konspekt</subfield><subfield code='9'>21</subfield></datafield><datafield ind1=' ' ind2=' ' tag='080'><subfield code='a'>72.031.4</subfield><subfield code='2'>MRF</subfield></datafield><datafield ind1=' ' ind2=' ' tag='080'><subfield code='a'>(048.8)</subfield><subfield code='2'>MRF</subfield></datafield><datafield ind1=' ' ind2=' ' tag='080'><subfield code='a'>(084.11)</subfield><subfield code='2'>MRF</subfield></datafield><datafield ind1='1' ind2=' ' tag='100'><subfield code='a'>Škabrada, Jiří,</subfield><subfield code='d'>1946-</subfield><subfield code='7'>jn20000620359</subfield><subfield code='4'>aut</subfield></datafield><datafield ind1='1' ind2='0' tag='245'><subfield code='a'>Lidové stavby :</subfield><subfield code='b'>architektura českého venkova /</subfield><subfield code='c'>Jiří Škabrada</subfield></datafield><datafield ind1='3' ind2='0' tag='246'><subfield code='a'>Architektura českého venkova</subfield></datafield><datafield ind1=' ' ind2=' ' tag='250'><subfield code='a'>1.vyd.</subfield></datafield><datafield ind1=' ' ind2=' ' tag='260'><subfield code='a'>Praha :</subfield><subfield code='b'>Argo,</subfield><subfield code='c'>1999</subfield></datafield><datafield ind1=' ' ind2=' ' tag='300'><subfield code='a'>246 s. :</subfield><subfield code='b'>il., mapy, plány, faksim. ;</subfield><subfield code='c'>31 cm</subfield></datafield><datafield ind1=' ' ind2=' ' tag='500'><subfield code='a'>Dotisk r. 2003. 245 s.</subfield></datafield><datafield ind1=' ' ind2=' ' tag='504'><subfield code='a'>Obsahuje bibliografii a rejstřík</subfield></datafield><datafield ind1='0' ind2='7' tag='650'><subfield code='a'>lidová architektura</subfield><subfield code='7'>ph122300</subfield><subfield code='z'>Česko</subfield><subfield code='2'>czenas</subfield></datafield><datafield ind1='0' ind2='9' tag='650'><subfield code='a'>Vernacular architecture</subfield><subfield code='z'>Czech Republic</subfield><subfield code='2'>eczenas</subfield></datafield><datafield ind1=' ' ind2='7' tag='655'><subfield code='a'>monografie</subfield><subfield code='7'>fd132842</subfield><subfield code='2'>czenas</subfield></datafield><datafield ind1=' ' ind2='7' tag='655'><subfield code='a'>obrazové publikace</subfield><subfield code='7'>fd132947</subfield><subfield code='2'>czenas</subfield></datafield><datafield ind1=' ' ind2=' ' tag='KPW'><subfield code='a'>16325</subfield></datafield><datafield ind1=' ' ind2=' ' tag='CAT'><subfield code='c'>20070705</subfield><subfield code='l'>CZU01</subfield><subfield code='h'>0921</subfield></datafield><datafield ind1=' ' ind2=' ' tag='CAT'><subfield code='c'>20080313</subfield><subfield code='l'>CZU01</subfield><subfield code='h'>1517</subfield></datafield><datafield ind1=' ' ind2=' ' tag='CAT'><subfield code='a'>BATELKOVA</subfield><subfield code='b'>20</subfield><subfield code='c'>20091210</subfield><subfield code='l'>CZU01</subfield><subfield code='h'>1403</subfield></datafield><datafield ind1=' ' ind2=' ' tag='CAT'><subfield code='a'>batch</subfield><subfield code='b'>00</subfield><subfield code='c'>20120323</subfield><subfield code='l'>CZU01</subfield><subfield code='h'>1719</subfield></datafield><datafield ind1=' ' ind2=' ' tag='CAT'><subfield code='a'>CZUADMIN</subfield><subfield code='b'>20</subfield><subfield code='c'>20130115</subfield><subfield code='l'>CZU01</subfield><subfield code='h'>0855</subfield></datafield><datafield ind1=' ' ind2=' ' tag='910'><subfield code='a'>ABD026</subfield></datafield><datafield ind1=' ' ind2=' ' tag='900'><subfield code='a'>ABA001</subfield><subfield code='b'>17</subfield></datafield><datafield ind1=' ' ind2=' ' tag='998'><subfield code='a'>000961616</subfield></datafield><datafield ind1=' ' ind2=' ' tag='SID'><subfield code='a'>Z39</subfield><subfield code='b'>SKC-Z-SN</subfield></datafield><datafield ind1='0' ind2=' ' tag='090'><subfield code='b'>1</subfield></datafield></record>