
<record><leader>00000namZa22ZZZZZZaZ4500</leader><controlfield tag='001'>czu000031953</controlfield><controlfield tag='003'>CZ-PrCZU</controlfield><controlfield tag='005'>20101129094515.0</controlfield><controlfield tag='007'>tu</controlfield><controlfield tag='008'>961212s1995----xr-a---e------001-0-cze--</controlfield><datafield ind1=' ' ind2=' ' tag='015'><subfield code='a'>cnb000102808</subfield></datafield><datafield ind1=' ' ind2=' ' tag='020'><subfield code='a'>80-85896-06-0 (brož.)</subfield></datafield><datafield ind1=' ' ind2=' ' tag='040'><subfield code='a'>ABA001</subfield><subfield code='b'>cze</subfield><subfield code='d'>ABD026</subfield></datafield><datafield ind1=' ' ind2='7' tag='072'><subfield code='a'>004.4/.6</subfield><subfield code='x'>Programové vybavení. Programové prostředky</subfield><subfield code='2'>Konspekt</subfield><subfield code='9'>23</subfield></datafield><datafield ind1=' ' ind2=' ' tag='080'><subfield code='a'>744</subfield><subfield code='2'>undef</subfield></datafield><datafield ind1=' ' ind2=' ' tag='080'><subfield code='a'>76</subfield><subfield code='2'>undef</subfield></datafield><datafield ind1=' ' ind2=' ' tag='080'><subfield code='a'>681.3.06</subfield><subfield code='2'>undef</subfield></datafield><datafield ind1=' ' ind2=' ' tag='080'><subfield code='a'>741/743</subfield><subfield code='2'>undef</subfield></datafield><datafield ind1='1' ind2=' ' tag='100'><subfield code='a'>Hlavenka, Jiří,</subfield><subfield code='d'>1964-</subfield><subfield code='7'>jn19990209240</subfield><subfield code='4'>aut</subfield></datafield><datafield ind1='1' ind2='0' tag='245'><subfield code='a'>CorelDRAW! 5 :</subfield><subfield code='b'>podrobná uživatelská příručka /</subfield><subfield code='c'>Jiří Hlavenka, Jan Andrések</subfield></datafield><datafield ind1='3' ind2='3' tag='246'><subfield code='a'>CorelDRAW! 5.0</subfield></datafield><datafield ind1=' ' ind2=' ' tag='260'><subfield code='a'>Brno :</subfield><subfield code='b'>Computer Press,</subfield><subfield code='c'>[1995]</subfield></datafield><datafield ind1=' ' ind2=' ' tag='300'><subfield code='a'>viii, 336 s. :</subfield><subfield code='b'>il. (částečně barev.) ;</subfield><subfield code='c'>23 cm</subfield></datafield><datafield ind1=' ' ind2=' ' tag='500'><subfield code='a'>Název v tiráži: CorelDRAW! 5.0</subfield></datafield><datafield ind1=' ' ind2=' ' tag='504'><subfield code='a'>Věcný rejstřík</subfield></datafield><datafield ind1='0' ind2='7' tag='650'><subfield code='a'>CorelDRAW! 5</subfield><subfield code='7'>ph117477</subfield><subfield code='2'>czenas</subfield></datafield><datafield ind1=' ' ind2='7' tag='655'><subfield code='a'>příručky</subfield><subfield code='7'>fd133209</subfield><subfield code='2'>czenas</subfield></datafield><datafield ind1='1' ind2=' ' tag='700'><subfield code='a'>Andrések, Jan</subfield><subfield code='7'>xx0066737</subfield><subfield code='4'>aut</subfield></datafield><datafield ind1=' ' ind2=' ' tag='KPW'><subfield code='a'>9765</subfield></datafield><datafield ind1=' ' ind2=' ' tag='CAT'><subfield code='c'>20070705</subfield><subfield code='l'>CZU01</subfield><subfield code='h'>0920</subfield></datafield><datafield ind1=' ' ind2=' ' tag='CAT'><subfield code='c'>20080313</subfield><subfield code='l'>CZU01</subfield><subfield code='h'>1517</subfield></datafield><datafield ind1=' ' ind2=' ' tag='CAT'><subfield code='a'>BATCH-UPD</subfield><subfield code='b'>00</subfield><subfield code='c'>20091216</subfield><subfield code='l'>CZU01</subfield><subfield code='h'>1115</subfield></datafield><datafield ind1=' ' ind2=' ' tag='CAT'><subfield code='a'>BATCH</subfield><subfield code='b'>00</subfield><subfield code='c'>20091216</subfield><subfield code='l'>CZU01</subfield><subfield code='h'>1500</subfield></datafield><datafield ind1=' ' ind2=' ' tag='CAT'><subfield code='a'>KULHAVA</subfield><subfield code='b'>20</subfield><subfield code='c'>20101129</subfield><subfield code='l'>CZU01</subfield><subfield code='h'>0945</subfield></datafield><datafield ind1=' ' ind2=' ' tag='CAT'><subfield code='a'>batch</subfield><subfield code='b'>00</subfield><subfield code='c'>20120323</subfield><subfield code='l'>CZU01</subfield><subfield code='h'>1718</subfield></datafield><datafield ind1=' ' ind2=' ' tag='910'><subfield code='a'>ABD026</subfield></datafield><datafield ind1=' ' ind2=' ' tag='SID'><subfield code='a'>Z39</subfield><subfield code='b'>NKC-Z-SN</subfield></datafield><datafield ind1='0' ind2=' ' tag='090'><subfield code='b'>1</subfield></datafield></record>