
<record><leader>00000namZa22ZZZZZZaZ4500</leader><controlfield tag='001'>czu000026179</controlfield><controlfield tag='003'>CZ-PrCZU</controlfield><controlfield tag='005'>20090603142321.0</controlfield><controlfield tag='007'>tu</controlfield><controlfield tag='008'>020404s1992----xr------------------cze--</controlfield><datafield ind1=' ' ind2=' ' tag='020'><subfield code='a'>80-85603-15-2 (brož.)</subfield></datafield><datafield ind1=' ' ind2=' ' tag='035'><subfield code='a'>(OCoLC)39573286</subfield></datafield><datafield ind1=' ' ind2=' ' tag='040'><subfield code='a'>ABA001</subfield><subfield code='b'>cze</subfield><subfield code='d'>ABD026</subfield></datafield><datafield ind1='1' ind2=' ' tag='041'><subfield code='a'>cze</subfield><subfield code='h'>ger</subfield></datafield><datafield ind1=' ' ind2=' ' tag='080'><subfield code='a'>316.6</subfield></datafield><datafield ind1=' ' ind2=' ' tag='080'><subfield code='a'>65.01</subfield></datafield><datafield ind1='0' ind2='0' tag='245'><subfield code='a'>Podnikáme na náročných trzích :</subfield><subfield code='b'>(Výběr z německého manažerského know-how).</subfield><subfield code='n'>Díl 1,</subfield><subfield code='p'>Nástroje podnikání a managementu /</subfield><subfield code='c'>Vybral a uspoř. Jan Vacek ; Přel. z růz. něm. originálů</subfield></datafield><datafield ind1='3' ind2='0' tag='246'><subfield code='a'>Nástroje podnikání a managementu</subfield></datafield><datafield ind1=' ' ind2=' ' tag='250'><subfield code='a'>1. vyd.</subfield></datafield><datafield ind1=' ' ind2=' ' tag='260'><subfield code='a'>Praha :</subfield><subfield code='b'>Průmysl a obchod,</subfield><subfield code='c'>1992</subfield><subfield code='e'>(Ostrava :</subfield><subfield code='f'>Ostravské tiskárny)</subfield></datafield><datafield ind1=' ' ind2=' ' tag='300'><subfield code='a'>388 s. :</subfield><subfield code='b'>tab., schémata ;</subfield><subfield code='c'>24 cm</subfield></datafield><datafield ind1=' ' ind2=' ' tag='500'><subfield code='a'>Obálka Lubomír Šedivý</subfield></datafield><datafield ind1=' ' ind2=' ' tag='500'><subfield code='a'>Přehl. pramenů</subfield></datafield><datafield ind1='0' ind2=' ' tag='653'><subfield code='a'>kalkulace</subfield><subfield code='a'>management</subfield><subfield code='a'>manažerské know-how</subfield><subfield code='a'>podnikatelské know-how</subfield><subfield code='a'>pracovní motivace</subfield><subfield code='a'>pružné organizační struktury</subfield></datafield><datafield ind1=' ' ind2='7' tag='655'><subfield code='a'>příručky</subfield><subfield code='7'>fd133209</subfield><subfield code='2'>czenas</subfield></datafield><datafield ind1='1' ind2=' ' tag='700'><subfield code='a'>Šedivý, Luboš,</subfield><subfield code='d'>1955-</subfield><subfield code='7'>jn99240001631</subfield><subfield code='4'>art</subfield></datafield><datafield ind1='1' ind2=' ' tag='700'><subfield code='a'>Vacek, Jan</subfield><subfield code='7'>jx20041220017</subfield><subfield code='4'>com</subfield></datafield><datafield ind1=' ' ind2=' ' tag='KPW'><subfield code='a'>3195</subfield></datafield><datafield ind1=' ' ind2=' ' tag='CAT'><subfield code='c'>20070705</subfield><subfield code='l'>CZU01</subfield><subfield code='h'>0919</subfield></datafield><datafield ind1=' ' ind2=' ' tag='CAT'><subfield code='c'>20080313</subfield><subfield code='l'>CZU01</subfield><subfield code='h'>1516</subfield></datafield><datafield ind1=' ' ind2=' ' tag='CAT'><subfield code='a'>KULHAVA</subfield><subfield code='b'>20</subfield><subfield code='c'>20090603</subfield><subfield code='l'>CZU01</subfield><subfield code='h'>1423</subfield></datafield><datafield ind1=' ' ind2=' ' tag='CAT'><subfield code='a'>KULHAVA</subfield><subfield code='b'>20</subfield><subfield code='c'>20090603</subfield><subfield code='l'>CZU01</subfield><subfield code='h'>1423</subfield></datafield><datafield ind1=' ' ind2=' ' tag='CAT'><subfield code='a'>batch</subfield><subfield code='b'>00</subfield><subfield code='c'>20120323</subfield><subfield code='l'>CZU01</subfield><subfield code='h'>1718</subfield></datafield><datafield ind1=' ' ind2=' ' tag='910'><subfield code='a'>ABD026</subfield></datafield><datafield ind1=' ' ind2=' ' tag='SID'><subfield code='a'>Z39</subfield><subfield code='b'>SKC-Z</subfield></datafield><datafield ind1='0' ind2=' ' tag='090'><subfield code='b'>1</subfield></datafield></record>