
<record><leader>00000namZa22ZZZZZZaZ4500</leader><controlfield tag='001'>czu000025232</controlfield><controlfield tag='003'>CZ-PrCZU</controlfield><controlfield tag='005'>20090619102508.0</controlfield><controlfield tag='008'>920610s1992----xr-----------u------slo--</controlfield><datafield ind1=' ' ind2=' ' tag='020'><subfield code='a'>80-85424-57-6</subfield></datafield><datafield ind1=' ' ind2=' ' tag='035'><subfield code='a'>(OCoLC)39571589</subfield></datafield><datafield ind1=' ' ind2=' ' tag='040'><subfield code='a'>PNA001</subfield><subfield code='b'>cze</subfield><subfield code='d'>ABD026</subfield></datafield><datafield ind1=' ' ind2=' ' tag='080'><subfield code='a'>004.4</subfield></datafield><datafield ind1=' ' ind2=' ' tag='080'><subfield code='a'>655.2/.3</subfield></datafield><datafield ind1='1' ind2=' ' tag='100'><subfield code='a'>Lovas, Tibor</subfield></datafield><datafield ind1='1' ind2='0' tag='245'><subfield code='a'>CorelDRAW! Praktická příručka /</subfield><subfield code='c'>Tibor Lovas, Peter Pacúch</subfield></datafield><datafield ind1=' ' ind2=' ' tag='260'><subfield code='a'>Praha :</subfield><subfield code='b'>Grada,</subfield><subfield code='c'>1992</subfield></datafield><datafield ind1=' ' ind2=' ' tag='300'><subfield code='a'>216 s. :</subfield><subfield code='b'>obr.</subfield></datafield><datafield ind1='1' ind2=' ' tag='490'><subfield code='a'>Nestůjte za dveřmi</subfield></datafield><datafield ind1=' ' ind2=' ' tag='500'><subfield code='a'>Rejstř.</subfield></datafield><datafield ind1='0' ind2=' ' tag='653'><subfield code='a'>editory</subfield><subfield code='a'>grafické editory</subfield><subfield code='a'>CorelDRAW !</subfield><subfield code='a'>užití</subfield><subfield code='a'>výpočetní technika</subfield><subfield code='a'>počítače</subfield><subfield code='a'>osobní počítače</subfield><subfield code='a'>software</subfield></datafield><datafield ind1='1' ind2=' ' tag='700'><subfield code='a'>Pacúch, Peter</subfield></datafield><datafield ind1=' ' ind2='0' tag='830'><subfield code='a'>Nestůjte za dveřmi</subfield></datafield><datafield ind1=' ' ind2=' ' tag='KPW'><subfield code='a'>2238</subfield></datafield><datafield ind1=' ' ind2=' ' tag='CAT'><subfield code='c'>20070705</subfield><subfield code='l'>CZU01</subfield><subfield code='h'>0919</subfield></datafield><datafield ind1=' ' ind2=' ' tag='CAT'><subfield code='c'>20080313</subfield><subfield code='l'>CZU01</subfield><subfield code='h'>1516</subfield></datafield><datafield ind1=' ' ind2=' ' tag='CAT'><subfield code='a'>KULHAVA</subfield><subfield code='b'>20</subfield><subfield code='c'>20090619</subfield><subfield code='l'>CZU01</subfield><subfield code='h'>1025</subfield></datafield><datafield ind1=' ' ind2=' ' tag='CAT'><subfield code='c'>20091215</subfield><subfield code='l'>CZU01</subfield><subfield code='h'>1325</subfield></datafield><datafield ind1=' ' ind2=' ' tag='CAT'><subfield code='a'>batch</subfield><subfield code='b'>00</subfield><subfield code='c'>20120323</subfield><subfield code='l'>CZU01</subfield><subfield code='h'>1718</subfield></datafield><datafield ind1=' ' ind2=' ' tag='910'><subfield code='a'>ABD026</subfield></datafield><datafield ind1=' ' ind2=' ' tag='SID'><subfield code='a'>Z39</subfield><subfield code='b'>SKC-Z-SN</subfield></datafield><datafield ind1='0' ind2=' ' tag='090'><subfield code='b'>1</subfield></datafield></record>