
<record><leader>00000nasZa2200349ZaZ4500</leader><controlfield tag='001'>caso000022864</controlfield><controlfield tag='003'>CZ-PrCZU</controlfield><controlfield tag='005'>20090702153901.0</controlfield><controlfield tag='008'>920604c19929999xr-br-p------u0----0cze--</controlfield><datafield ind1=' ' ind2=' ' tag='040'><subfield code='b'>cze</subfield></datafield><datafield ind1=' ' ind2=' ' tag='040'><subfield code='a'>ABA001</subfield><subfield code='b'>cze</subfield><subfield code='d'>ABA001</subfield></datafield><datafield ind1=' ' ind2=' ' tag='043'><subfield code='a'>e-xr---</subfield><subfield code='b'>e-xr-pg</subfield><subfield code='2'>czenas</subfield></datafield><datafield ind1=' ' ind2='7' tag='072'><subfield code='a'>76</subfield><subfield code='x'>Grafické umění. Grafika</subfield><subfield code='2'>Konspekt</subfield><subfield code='9'>21</subfield></datafield><datafield ind1=' ' ind2=' ' tag='080'><subfield code='a'>681.3.06</subfield><subfield code='2'>MRF-sel</subfield></datafield><datafield ind1=' ' ind2=' ' tag='080'><subfield code='a'>76</subfield><subfield code='2'>MRF-sel</subfield></datafield><datafield ind1=' ' ind2=' ' tag='080'><subfield code='a'>659</subfield><subfield code='2'>MRF-sel</subfield></datafield><datafield ind1=' ' ind2=' ' tag='080'><subfield code='a'>050</subfield><subfield code='2'>MRF-sel</subfield></datafield><datafield ind1='0' ind2='0' tag='245'><subfield code='a'>Font :</subfield><subfield code='b'>reklamní grafika a DTP : první grafický časopis</subfield></datafield><datafield ind1=' ' ind2=' ' tag='260'><subfield code='a'>Praha :</subfield><subfield code='b'>KAFKA-design,</subfield><subfield code='c'>1992-</subfield></datafield><datafield ind1=' ' ind2=' ' tag='300'><subfield code='a'>^^^sv. ;</subfield><subfield code='c'>30 cm</subfield></datafield><datafield ind1=' ' ind2=' ' tag='310'><subfield code='a'>6x ročně</subfield></datafield><datafield ind1='0' ind2=' ' tag='362'><subfield code='a'>Roč. 1, č. 1 (1992)-</subfield></datafield><datafield ind1=' ' ind2=' ' tag='500'><subfield code='a'>www.kafka.cz</subfield></datafield><datafield ind1=' ' ind2=' ' tag='500'><subfield code='a'>Od r. 2002 podnázev: první grafický časopis</subfield></datafield><datafield ind1=' ' ind2=' ' tag='500'><subfield code='a'>Rozsah a rozměry pro registraci: 60 s., 210/297</subfield></datafield><datafield ind1=' ' ind2=' ' tag='520'><subfield code='a'>Odborný časopis pro grafickou odbornou veřejnost, informace pro grafiky.(DTP, reklama, design, typografie, grafika, software pro grafiku.)</subfield></datafield><datafield ind1='0' ind2=' ' tag='653'><subfield code='a'>reklama</subfield><subfield code='a'>design</subfield><subfield code='a'>typografie</subfield><subfield code='a'>reklamní grafika</subfield><subfield code='a'>počítačová grafika</subfield><subfield code='a'>software</subfield><subfield code='a'>font písma</subfield></datafield><datafield ind1=' ' ind2=' ' tag='970'><subfield code='n'>Kafka-design</subfield><subfield code='a'>Bubnova 1, 169 00 Praha 6</subfield><subfield code='e'>220 514 060</subfield><subfield code='f'>220 514 059</subfield><subfield code='x'>font@kafka.cz</subfield></datafield><datafield ind1=' ' ind2=' ' tag='979'><subfield code='n'>FONT - redakce (Kafka-design)</subfield><subfield code='i'>Brečanová</subfield><subfield code='j'>Zuzana</subfield><subfield code='a'>Bubnova 1, 169 00 Praha 6</subfield><subfield code='e'>220 514 060</subfield><subfield code='f'>220 514 059</subfield><subfield code='x'>font@kafka.cz</subfield></datafield><datafield ind1=' ' ind2=' ' tag='CAT'><subfield code='c'>20070705</subfield><subfield code='l'>CZU01</subfield><subfield code='h'>0919</subfield></datafield><datafield ind1=' ' ind2=' ' tag='CAT'><subfield code='a'>CZU</subfield><subfield code='b'>00</subfield><subfield code='c'>20071218</subfield><subfield code='l'>CZU01</subfield><subfield code='h'>1141</subfield></datafield><datafield ind1=' ' ind2=' ' tag='CAT'><subfield code='c'>20080313</subfield><subfield code='l'>CZU01</subfield><subfield code='h'>1516</subfield></datafield><datafield ind1=' ' ind2=' ' tag='CAT'><subfield code='a'>POSCHOVA</subfield><subfield code='b'>20</subfield><subfield code='c'>20090702</subfield><subfield code='l'>CZU01</subfield><subfield code='h'>1539</subfield></datafield><datafield ind1=' ' ind2=' ' tag='CAT'><subfield code='a'>batch</subfield><subfield code='b'>00</subfield><subfield code='c'>20120323</subfield><subfield code='l'>CZU01</subfield><subfield code='h'>1718</subfield></datafield><datafield ind1=' ' ind2=' ' tag='968'><subfield code='a'>6d</subfield></datafield><datafield ind1=' ' ind2=' ' tag='969'><subfield code='a'>b1</subfield></datafield><datafield ind1=' ' ind2=' ' tag='SID'><subfield code='a'>Z39</subfield><subfield code='b'>NKC-Z</subfield></datafield><datafield ind1=' ' ind2=' ' tag='910'><subfield code='a'>ABD026</subfield></datafield><datafield ind1='0' ind2=' ' tag='090'><subfield code='b'>47</subfield></datafield></record>