
<record><leader>00000nasZa2200529ZaZ4500</leader><controlfield tag='001'>caso000022590</controlfield><controlfield tag='003'>CZ-PrCZU</controlfield><controlfield tag='005'>20090702143636.0</controlfield><controlfield tag='008'>070705---------xr-----------------------</controlfield><controlfield tag='008'>910208c19909999xr-wr-p------u-----0cze--</controlfield><datafield ind1=' ' ind2=' ' tag='022'><subfield code='a'>1210-9924</subfield></datafield><datafield ind1=' ' ind2=' ' tag='040'><subfield code='b'>cze</subfield></datafield><datafield ind1=' ' ind2=' ' tag='040'><subfield code='a'>ABA001</subfield><subfield code='b'>cze</subfield><subfield code='d'>ABA001</subfield></datafield><datafield ind1=' ' ind2=' ' tag='043'><subfield code='a'>e-xr---</subfield><subfield code='b'>e-xr-pg</subfield><subfield code='2'>czenas</subfield></datafield><datafield ind1=' ' ind2='7' tag='072'><subfield code='a'>004</subfield><subfield code='x'>Počítačová věda. Výpočetní technika. Informační technologie</subfield><subfield code='2'>Konspekt</subfield><subfield code='9'>23</subfield></datafield><datafield ind1=' ' ind2=' ' tag='080'><subfield code='a'>050</subfield><subfield code='2'>MRF-sel</subfield></datafield><datafield ind1=' ' ind2=' ' tag='080'><subfield code='a'>004</subfield><subfield code='2'>MRF-sel</subfield></datafield><datafield ind1=' ' ind2=' ' tag='080'><subfield code='a'>681.3</subfield><subfield code='2'>MRF-sel</subfield></datafield><datafield ind1='1' ind2=' ' tag='210'><subfield code='a'>Comput. world</subfield><subfield code='b'>(Praha)</subfield></datafield><datafield ind1=' ' ind2='0' tag='222'><subfield code='a'>Computerworld</subfield><subfield code='b'>(Praha)</subfield></datafield><datafield ind1='1' ind2='0' tag='242'><subfield code='a'>Počítačový svět</subfield></datafield><datafield ind1='0' ind2='0' tag='245'><subfield code='a'>Computerworld :</subfield><subfield code='b'>specializovaný týdeník o výpočetní technice</subfield></datafield><datafield ind1='3' ind2='3' tag='246'><subfield code='a'>CW</subfield></datafield><datafield ind1=' ' ind2=' ' tag='260'><subfield code='a'>Praha :</subfield><subfield code='b'>IDG [International Data Group] Czechoslovakia,</subfield><subfield code='c'>1990-</subfield></datafield><datafield ind1='3' ind2=' ' tag='260'><subfield code='3'>[199-]-</subfield><subfield code='a'>Praha :</subfield><subfield code='b'>IDG Czech</subfield></datafield><datafield ind1=' ' ind2=' ' tag='300'><subfield code='a'>^^^sv. ;</subfield><subfield code='c'>42 cm</subfield></datafield><datafield ind1=' ' ind2=' ' tag='310'><subfield code='a'>1x týdně</subfield></datafield><datafield ind1='0' ind2=' ' tag='362'><subfield code='a'>Roč. 1 (květen 1990)-</subfield></datafield><datafield ind1=' ' ind2=' ' tag='500'><subfield code='a'>Rozsah a rozměry pro registraci: 32 s., 305/420</subfield></datafield><datafield ind1=' ' ind2=' ' tag='500'><subfield code='a'>Business World vycházel od roč. 9, č. 41 (9.10.1998)-roč. 10, č. 40 (1.-7.10.1999) jako nesamostatná příloha. Od č. 10 (říjen 1999) změnil formát a vychází jako samostatná příloha</subfield></datafield><datafield ind1=' ' ind2=' ' tag='500'><subfield code='a'>Od roč. 9, č. 41 (9.10.1998) podnázev: týdeník o informačních technologiích</subfield></datafield><datafield ind1=' ' ind2=' ' tag='500'><subfield code='a'>Od roč. 9, č. 41 (9.10.1998) podnázev: novinky - trendy - analýzy</subfield></datafield><datafield ind1=' ' ind2=' ' tag='500'><subfield code='a'>Podnázev od r. 2001: týdeník pro IT profesionály</subfield></datafield><datafield ind1=' ' ind2=' ' tag='520'><subfield code='a'>Specializovaný týdeník o výpočetní technice.</subfield></datafield><datafield ind1='0' ind2='7' tag='650'><subfield code='a'>počítače</subfield><subfield code='7'>ph115859</subfield><subfield code='2'>czenas</subfield></datafield><datafield ind1='0' ind2='7' tag='650'><subfield code='a'>hardware</subfield><subfield code='7'>ph114652</subfield><subfield code='2'>czenas</subfield></datafield><datafield ind1='0' ind2='7' tag='650'><subfield code='a'>software</subfield><subfield code='7'>ph125823</subfield><subfield code='2'>czenas</subfield></datafield><datafield ind1='0' ind2='7' tag='650'><subfield code='a'>informační technologie</subfield><subfield code='7'>ph121106</subfield><subfield code='2'>czenas</subfield></datafield><datafield ind1='0' ind2='7' tag='650'><subfield code='a'>výpočetní technika</subfield><subfield code='7'>ph137273</subfield><subfield code='2'>czenas</subfield></datafield><datafield ind1=' ' ind2='7' tag='655'><subfield code='a'>odborné časopisy</subfield><subfield code='7'>fd132951</subfield><subfield code='2'>czenas</subfield></datafield><datafield ind1='0' ind2=' ' tag='770'><subfield code='t'>Business World</subfield></datafield><datafield ind1='0' ind2=' ' tag='770'><subfield code='t'>Technology World</subfield></datafield><datafield ind1='4' ind2=' ' tag='856'><subfield code='u'>http://www.cw.cz</subfield><subfield code='4'>N</subfield></datafield><datafield ind1=' ' ind2=' ' tag='970'><subfield code='n'>IDG Czech, a.s.</subfield><subfield code='a'>Seydlerova 2451/11, 158 00 Praha 5</subfield><subfield code='e'>257 088 111</subfield><subfield code='f'>235 520 812</subfield></datafield><datafield ind1=' ' ind2=' ' tag='979'><subfield code='n'>ComputerWorld - redakce</subfield><subfield code='i'>Mandík</subfield><subfield code='j'>Petr</subfield><subfield code='a'>Seydlerova 2451/11, 158 00 Praha 5</subfield><subfield code='e'>257 088 143</subfield><subfield code='f'>235 520 812</subfield><subfield code='x'>petr_mandik@idg.cz</subfield></datafield><datafield ind1=' ' ind2=' ' tag='CAT'><subfield code='c'>20070705</subfield><subfield code='l'>CZU01</subfield><subfield code='h'>0919</subfield></datafield><datafield ind1=' ' ind2=' ' tag='CAT'><subfield code='a'>CZU</subfield><subfield code='b'>00</subfield><subfield code='c'>20071112</subfield><subfield code='l'>CZU01</subfield><subfield code='h'>0943</subfield></datafield><datafield ind1=' ' ind2=' ' tag='CAT'><subfield code='c'>20080313</subfield><subfield code='l'>CZU01</subfield><subfield code='h'>1516</subfield></datafield><datafield ind1=' ' ind2=' ' tag='CAT'><subfield code='a'>POSCHOVA</subfield><subfield code='b'>20</subfield><subfield code='c'>20090702</subfield><subfield code='l'>CZU01</subfield><subfield code='h'>1436</subfield></datafield><datafield ind1=' ' ind2=' ' tag='CAT'><subfield code='a'>batch</subfield><subfield code='b'>00</subfield><subfield code='c'>20120323</subfield><subfield code='l'>CZU01</subfield><subfield code='h'>1718</subfield></datafield><datafield ind1=' ' ind2=' ' tag='968'><subfield code='a'>3c</subfield></datafield><datafield ind1=' ' ind2=' ' tag='969'><subfield code='a'>a7</subfield></datafield><datafield ind1=' ' ind2=' ' tag='SID'><subfield code='a'>Z39</subfield><subfield code='b'>NKC-Z-SN</subfield></datafield><datafield ind1=' ' ind2=' ' tag='910'><subfield code='a'>ABD026</subfield></datafield><datafield ind1='0' ind2=' ' tag='090'><subfield code='b'>1</subfield></datafield></record>