
<record><leader>00000nasZa2200421ZaZ4500</leader><controlfield tag='001'>caso000022584</controlfield><controlfield tag='003'>CZ-PrCZU</controlfield><controlfield tag='005'>20090702143222.0</controlfield><controlfield tag='008'>940930c19949999xr-er-p------u-----0cze--</controlfield><datafield ind1=' ' ind2=' ' tag='022'><subfield code='a'>1210-8790</subfield></datafield><datafield ind1=' ' ind2=' ' tag='040'><subfield code='b'>cze</subfield></datafield><datafield ind1=' ' ind2=' ' tag='040'><subfield code='a'>ABA001</subfield><subfield code='b'>cze</subfield><subfield code='d'>ABA001</subfield></datafield><datafield ind1=' ' ind2=' ' tag='043'><subfield code='a'>e-xr---</subfield><subfield code='b'>e-xr-pg</subfield><subfield code='2'>czenas</subfield></datafield><datafield ind1=' ' ind2='7' tag='072'><subfield code='a'>004</subfield><subfield code='x'>Počítačová věda. Výpočetní technika. Informační technologie</subfield><subfield code='2'>Konspekt</subfield><subfield code='9'>23</subfield></datafield><datafield ind1=' ' ind2=' ' tag='080'><subfield code='a'>050</subfield><subfield code='2'>MRF-sel</subfield></datafield><datafield ind1=' ' ind2=' ' tag='080'><subfield code='a'>681.3</subfield><subfield code='2'>MRF-sel</subfield></datafield><datafield ind1='1' ind2=' ' tag='210'><subfield code='a'>Comput. - Comput. Press</subfield></datafield><datafield ind1=' ' ind2='0' tag='222'><subfield code='a'>Computer - Computer Press</subfield></datafield><datafield ind1='0' ind2='0' tag='245'><subfield code='a'>Computer :</subfield><subfield code='b'>počítačový čtrnáctideník</subfield></datafield><datafield ind1=' ' ind2=' ' tag='260'><subfield code='a'>Brno :</subfield><subfield code='b'>Computer Press,</subfield><subfield code='c'>1994-</subfield></datafield><datafield ind1='2' ind2=' ' tag='260'><subfield code='3'>2005</subfield><subfield code='a'>Brno:</subfield><subfield code='b'>Computer Press Media</subfield></datafield><datafield ind1=' ' ind2=' ' tag='300'><subfield code='a'>^^^sv. ;</subfield><subfield code='c'>32 cm</subfield></datafield><datafield ind1=' ' ind2=' ' tag='310'><subfield code='a'>1x za 2 týdny</subfield></datafield><datafield ind1='0' ind2=' ' tag='362'><subfield code='a'>Roč. 1, č. 1 (1994)-</subfield></datafield><datafield ind1=' ' ind2=' ' tag='500'><subfield code='a'>Pův. podnázev: Průvodce uživatele a kupujícího</subfield></datafield><datafield ind1=' ' ind2=' ' tag='500'><subfield code='a'>Další podnázev: srozumitelný počítačový čtrnáctideník</subfield></datafield><datafield ind1=' ' ind2=' ' tag='500'><subfield code='a'>Podnázev od r. 2004: dlouhodobě nejprodávanější časopis o počítačích!</subfield></datafield><datafield ind1=' ' ind2=' ' tag='500'><subfield code='a'>Podnázev od r. 2005: o počítačích víme vše</subfield></datafield><datafield ind1=' ' ind2=' ' tag='500'><subfield code='a'>Podnázev od r. 2006: vše o počítačích</subfield></datafield><datafield ind1=' ' ind2=' ' tag='500'><subfield code='a'>Rozsah a rozměry pro registraci: 14+6+4 s., 240/320</subfield></datafield><datafield ind1=' ' ind2=' ' tag='520'><subfield code='a'>Srozumitelné, aktuální a kvalitní informace o výpočetní technice PC a programech.</subfield></datafield><datafield ind1='0' ind2=' ' tag='653'><subfield code='a'>výpočetní technika</subfield><subfield code='a'>programy</subfield><subfield code='a'>uživatelé</subfield><subfield code='a'>kupující</subfield></datafield><datafield ind1='4' ind2=' ' tag='856'><subfield code='u'>http://computer.zive.cz</subfield><subfield code='4'>N</subfield><subfield code='z'>el. zdroj</subfield></datafield><datafield ind1=' ' ind2=' ' tag='970'><subfield code='n'>Computer Press, a.s.</subfield><subfield code='a'>nám. 28. dubna 48, 635 00 Brno</subfield><subfield code='e'>546 122 111</subfield><subfield code='f'>546 122 112</subfield></datafield><datafield ind1=' ' ind2=' ' tag='979'><subfield code='n'>Computer - redakce (Computer Press Brno)</subfield><subfield code='i'>Jahoda</subfield><subfield code='j'>Miroslav</subfield><subfield code='a'>nám. 28. dubna 48, 635 00 Brno-Bystrc</subfield><subfield code='e'>546 122 111</subfield><subfield code='f'>546 122 112</subfield><subfield code='x'>computer@cpress.cz</subfield></datafield><datafield ind1=' ' ind2=' ' tag='CAT'><subfield code='c'>20070705</subfield><subfield code='l'>CZU01</subfield><subfield code='h'>0919</subfield></datafield><datafield ind1=' ' ind2=' ' tag='CAT'><subfield code='a'>CZU</subfield><subfield code='b'>00</subfield><subfield code='c'>20071120</subfield><subfield code='l'>CZU01</subfield><subfield code='h'>1132</subfield></datafield><datafield ind1=' ' ind2=' ' tag='CAT'><subfield code='c'>20080313</subfield><subfield code='l'>CZU01</subfield><subfield code='h'>1516</subfield></datafield><datafield ind1=' ' ind2=' ' tag='CAT'><subfield code='a'>POSCHOVA</subfield><subfield code='b'>20</subfield><subfield code='c'>20090702</subfield><subfield code='l'>CZU01</subfield><subfield code='h'>1432</subfield></datafield><datafield ind1=' ' ind2=' ' tag='CAT'><subfield code='a'>batch</subfield><subfield code='b'>00</subfield><subfield code='c'>20120323</subfield><subfield code='l'>CZU01</subfield><subfield code='h'>1718</subfield></datafield><datafield ind1=' ' ind2=' ' tag='968'><subfield code='a'>3c</subfield></datafield><datafield ind1=' ' ind2=' ' tag='969'><subfield code='a'>a7</subfield></datafield><datafield ind1=' ' ind2=' ' tag='SID'><subfield code='a'>Z39</subfield><subfield code='b'>NKC-Z-SN</subfield></datafield><datafield ind1=' ' ind2=' ' tag='910'><subfield code='a'>ABD026</subfield></datafield><datafield ind1='0' ind2=' ' tag='090'><subfield code='b'>4</subfield></datafield></record>