
<record><leader>00000nasZa2200421ZZZ4500</leader><controlfield tag='001'>caso000022583</controlfield><controlfield tag='003'>CZ-PrCZU</controlfield><controlfield tag='005'>20090610102721.0</controlfield><controlfield tag='008'>050517c20059999xr-mr-p-------0---b0cze--</controlfield><datafield ind1=' ' ind2=' ' tag='022'><subfield code='y'>1210-8472</subfield><subfield code='a'>1801-2345</subfield></datafield><datafield ind1=' ' ind2=' ' tag='040'><subfield code='b'>cze</subfield></datafield><datafield ind1=' ' ind2=' ' tag='040'><subfield code='a'>ABA001</subfield><subfield code='b'>cze</subfield></datafield><datafield ind1=' ' ind2=' ' tag='043'><subfield code='a'>e-xr---</subfield><subfield code='b'>e-xr-pg</subfield><subfield code='2'>czenas</subfield></datafield><datafield ind1=' ' ind2='7' tag='072'><subfield code='a'>004</subfield><subfield code='x'>Počítačová věda. Výpočetní technika. Informační technologie</subfield><subfield code='2'>Konspekt</subfield><subfield code='9'>23</subfield></datafield><datafield ind1=' ' ind2=' ' tag='080'><subfield code='a'>050</subfield><subfield code='2'>MRF-sel</subfield></datafield><datafield ind1=' ' ind2=' ' tag='080'><subfield code='a'>004</subfield><subfield code='2'>MRF-sel</subfield></datafield><datafield ind1=' ' ind2=' ' tag='080'><subfield code='a'>004.2/.9</subfield><subfield code='2'>MRF-sel</subfield></datafield><datafield ind1='0' ind2='0' tag='245'><subfield code='a'>CLICK!</subfield></datafield><datafield ind1='3' ind2='3' tag='246'><subfield code='a'>Click</subfield></datafield><datafield ind1=' ' ind2=' ' tag='260'><subfield code='a'>Praha :</subfield><subfield code='b'>Softwarové noviny,</subfield><subfield code='c'>2005-</subfield></datafield><datafield ind1=' ' ind2=' ' tag='300'><subfield code='a'>^^^sv. ;</subfield><subfield code='c'>30 cm</subfield></datafield><datafield ind1=' ' ind2=' ' tag='310'><subfield code='a'>1x měsíčně</subfield></datafield><datafield ind1='0' ind2=' ' tag='362'><subfield code='a'>Roč. 16, č.5 (2005)-2008</subfield></datafield><datafield ind1=' ' ind2=' ' tag='500'><subfield code='a'>Časopis navazuje v číslování na Softwarové noviny</subfield></datafield><datafield ind1=' ' ind2=' ' tag='500'><subfield code='a'>ISSN 1210-8472 je z předcházejícího titulu Softwarové noviny</subfield></datafield><datafield ind1=' ' ind2=' ' tag='500'><subfield code='a'>Podnázev od r. 2006: jediná papírová nezbytnost v digitálním světě</subfield></datafield><datafield ind1='0' ind2='7' tag='650'><subfield code='a'>počítače</subfield><subfield code='7'>ph115859</subfield><subfield code='2'>czenas</subfield></datafield><datafield ind1='0' ind2='7' tag='650'><subfield code='a'>software</subfield><subfield code='7'>ph125823</subfield><subfield code='2'>czenas</subfield></datafield><datafield ind1='0' ind2='7' tag='650'><subfield code='a'>hardware</subfield><subfield code='7'>ph114652</subfield><subfield code='2'>czenas</subfield></datafield><datafield ind1='0' ind2='7' tag='650'><subfield code='a'>telekomunikace</subfield><subfield code='7'>ph116420</subfield><subfield code='2'>czenas</subfield></datafield><datafield ind1=' ' ind2='7' tag='655'><subfield code='a'>časopisy pro volný čas</subfield><subfield code='7'>fd133952</subfield><subfield code='2'>czenas</subfield></datafield><datafield ind1='0' ind2='0' tag='780'><subfield code='t'>Softwarové noviny</subfield><subfield code='x'>1210-8472</subfield></datafield><datafield ind1='4' ind2=' ' tag='856'><subfield code='u'>http://clickmag.cz</subfield><subfield code='4'>N</subfield><subfield code='z'>el. zdroj</subfield></datafield><datafield ind1=' ' ind2=' ' tag='970'><subfield code='n'>Softwarové noviny, s.r.o.</subfield><subfield code='a'>Na vyhlídce 68, Praha 9, 190 00 Praha 9</subfield><subfield code='e'>286 891 278</subfield><subfield code='f'>286 891 294</subfield></datafield><datafield ind1=' ' ind2=' ' tag='979'><subfield code='n'>Click! - redakce</subfield><subfield code='i'>Minařík</subfield><subfield code='j'>Ivo</subfield><subfield code='a'>Na vyhlídce 68, Praha 9, 190 00 Praha 9</subfield><subfield code='e'>286 891 278</subfield><subfield code='f'>286 891 285</subfield><subfield code='x'>redakce@softnov.cz</subfield></datafield><datafield ind1=' ' ind2=' ' tag='CAT'><subfield code='c'>20070705</subfield><subfield code='l'>CZU01</subfield><subfield code='h'>0919</subfield></datafield><datafield ind1=' ' ind2=' ' tag='CAT'><subfield code='a'>CZU</subfield><subfield code='b'>00</subfield><subfield code='c'>20071211</subfield><subfield code='l'>CZU01</subfield><subfield code='h'>1137</subfield></datafield><datafield ind1=' ' ind2=' ' tag='CAT'><subfield code='c'>20080313</subfield><subfield code='l'>CZU01</subfield><subfield code='h'>1516</subfield></datafield><datafield ind1=' ' ind2=' ' tag='CAT'><subfield code='a'>POSCHOVA</subfield><subfield code='b'>20</subfield><subfield code='c'>20090610</subfield><subfield code='l'>CZU01</subfield><subfield code='h'>1027</subfield></datafield><datafield ind1=' ' ind2=' ' tag='CAT'><subfield code='a'>batch</subfield><subfield code='b'>00</subfield><subfield code='c'>20120323</subfield><subfield code='l'>CZU01</subfield><subfield code='h'>1718</subfield></datafield><datafield ind1=' ' ind2=' ' tag='968'><subfield code='a'>3c</subfield></datafield><datafield ind1=' ' ind2=' ' tag='969'><subfield code='a'>a7</subfield></datafield><datafield ind1=' ' ind2=' ' tag='SID'><subfield code='a'>Z39</subfield><subfield code='b'>NKC-Z-SN</subfield></datafield><datafield ind1=' ' ind2=' ' tag='910'><subfield code='a'>ABD026</subfield></datafield><datafield ind1='0' ind2=' ' tag='090'><subfield code='b'>108</subfield></datafield></record>