
<record><leader>ZZZZZnasZa22ZZZZZZaZ4500</leader><controlfield tag='001'>caso000022559</controlfield><controlfield tag='003'>CZ-PrCZU</controlfield><controlfield tag='005'>20070704000000.0</controlfield><controlfield tag='008'>---------------xr-----------------------</controlfield><datafield ind1=' ' ind2=' ' tag='022'><subfield code='a'>1210-5708</subfield></datafield><datafield ind1=' ' ind2=' ' tag='040'><subfield code='b'>cze</subfield></datafield><datafield ind1='0' ind2='0' tag='245'><subfield code='a'>PC MAGAZIN CZECH EDITION</subfield></datafield><datafield ind1=' ' ind2=' ' tag='CAT'><subfield code='c'>20070705</subfield><subfield code='l'>CZU01</subfield><subfield code='h'>0919</subfield></datafield><datafield ind1=' ' ind2=' ' tag='CAT'><subfield code='c'>20080313</subfield><subfield code='l'>CZU01</subfield><subfield code='h'>1516</subfield></datafield><datafield ind1=' ' ind2=' ' tag='910'><subfield code='a'>ABD026</subfield></datafield><datafield ind1='0' ind2=' ' tag='090'><subfield code='b'>23</subfield></datafield></record>