
<record><leader>00000casZa2200409ZaZ4500</leader><controlfield tag='001'>caso000022520</controlfield><controlfield tag='003'>CZ-PrCZU</controlfield><controlfield tag='005'>20090610140849.0</controlfield><controlfield tag='008'>910130c19919999xr-mr-p------u0----0cze--</controlfield><datafield ind1=' ' ind2=' ' tag='022'><subfield code='a'>1210-1079</subfield></datafield><datafield ind1=' ' ind2=' ' tag='040'><subfield code='b'>cze</subfield></datafield><datafield ind1=' ' ind2=' ' tag='040'><subfield code='a'>ABA001</subfield><subfield code='b'>cze</subfield><subfield code='d'>ABA001</subfield></datafield><datafield ind1=' ' ind2=' ' tag='043'><subfield code='a'>e-xr---</subfield><subfield code='b'>e-xr-pg</subfield><subfield code='2'>czenas</subfield></datafield><datafield ind1=' ' ind2='7' tag='072'><subfield code='a'>681.5</subfield><subfield code='x'>Automatizační a řídicí technika</subfield><subfield code='2'>Konspekt</subfield><subfield code='9'>19</subfield></datafield><datafield ind1=' ' ind2=' ' tag='080'><subfield code='a'>050</subfield><subfield code='2'>MRF-sel</subfield></datafield><datafield ind1=' ' ind2=' ' tag='080'><subfield code='a'>681.3</subfield><subfield code='2'>MRF-sel</subfield></datafield><datafield ind1='1' ind2=' ' tag='210'><subfield code='a'>PC World</subfield><subfield code='b'>(Praha)</subfield></datafield><datafield ind1=' ' ind2='0' tag='222'><subfield code='a'>PC World</subfield><subfield code='b'>(Praha)</subfield></datafield><datafield ind1='0' ind2='0' tag='245'><subfield code='a'>PC WORLD :</subfield><subfield code='b'>průvodce světem osobních počítačů</subfield></datafield><datafield ind1=' ' ind2=' ' tag='260'><subfield code='a'>Praha :</subfield><subfield code='b'>IDG Czechoslovakia,</subfield><subfield code='c'>1991-</subfield></datafield><datafield ind1='3' ind2=' ' tag='260'><subfield code='3'>2000-</subfield><subfield code='a'>Praha :</subfield><subfield code='b'>IDG Infotaimment</subfield></datafield><datafield ind1=' ' ind2=' ' tag='300'><subfield code='a'>^^^sv. ;</subfield><subfield code='c'>30 cm</subfield></datafield><datafield ind1=' ' ind2=' ' tag='310'><subfield code='a'>1x měsíčně</subfield></datafield><datafield ind1='0' ind2=' ' tag='362'><subfield code='a'>Roč. 1, č. 1 (1991)-2008</subfield></datafield><datafield ind1=' ' ind2=' ' tag='500'><subfield code='a'>Od roku 2002 podnázev: magazín digitálního věku</subfield></datafield><datafield ind1=' ' ind2=' ' tag='500'><subfield code='a'>Od r. 2000 bez podnázvu</subfield></datafield><datafield ind1=' ' ind2=' ' tag='500'><subfield code='a'>Rozsah a rozměry pro registraci: 136+4 s., 210/297</subfield></datafield><datafield ind1=' ' ind2=' ' tag='500'><subfield code='a'>Podnázev dříve: Specializovaný měsíčník o výpočetní technice</subfield></datafield><datafield ind1=' ' ind2=' ' tag='520'><subfield code='a'>Specializovaný měsíčník o výpočetní technice.</subfield></datafield><datafield ind1='0' ind2=' ' tag='653'><subfield code='a'>výpočetní technika</subfield><subfield code='a'>počítače</subfield><subfield code='a'>software</subfield><subfield code='a'>hardware</subfield><subfield code='a'>kategorie PC</subfield></datafield><datafield ind1='0' ind2=' ' tag='770'><subfield code='t'>Macworld</subfield></datafield><datafield ind1='4' ind2=' ' tag='856'><subfield code='u'>http://www.pcworld.cz</subfield><subfield code='4'>N</subfield></datafield><datafield ind1=' ' ind2=' ' tag='970'><subfield code='n'>IDG Czech, a.s.</subfield><subfield code='a'>Seydlerova 2451, 158 00 Praha 5</subfield></datafield><datafield ind1=' ' ind2=' ' tag='979'><subfield code='n'>PC World - redakce</subfield><subfield code='i'>Maletínský</subfield><subfield code='j'>Václav</subfield><subfield code='a'>Seydlerova 2451, 158 00 Praha 5</subfield><subfield code='e'>257 088 111</subfield><subfield code='f'>257 088 185</subfield><subfield code='x'>pcworld@idg.cz</subfield></datafield><datafield ind1=' ' ind2=' ' tag='CAT'><subfield code='c'>20070705</subfield><subfield code='l'>CZU01</subfield><subfield code='h'>0919</subfield></datafield><datafield ind1=' ' ind2=' ' tag='CAT'><subfield code='a'>CZU</subfield><subfield code='b'>00</subfield><subfield code='c'>20071122</subfield><subfield code='l'>CZU01</subfield><subfield code='h'>1449</subfield></datafield><datafield ind1=' ' ind2=' ' tag='CAT'><subfield code='c'>20080313</subfield><subfield code='l'>CZU01</subfield><subfield code='h'>1516</subfield></datafield><datafield ind1=' ' ind2=' ' tag='CAT'><subfield code='a'>POSCHOVA</subfield><subfield code='b'>20</subfield><subfield code='c'>20090610</subfield><subfield code='l'>CZU01</subfield><subfield code='h'>1408</subfield></datafield><datafield ind1=' ' ind2=' ' tag='CAT'><subfield code='a'>batch</subfield><subfield code='b'>00</subfield><subfield code='c'>20120323</subfield><subfield code='l'>CZU01</subfield><subfield code='h'>1718</subfield></datafield><datafield ind1=' ' ind2=' ' tag='968'><subfield code='a'>3c</subfield></datafield><datafield ind1=' ' ind2=' ' tag='969'><subfield code='a'>a7</subfield></datafield><datafield ind1=' ' ind2=' ' tag='SID'><subfield code='a'>Z39</subfield><subfield code='b'>NKC-Z-SN</subfield></datafield><datafield ind1=' ' ind2=' ' tag='910'><subfield code='a'>ABD026</subfield></datafield><datafield ind1='0' ind2=' ' tag='090'><subfield code='b'>48</subfield></datafield></record>
</collection>